3614 5442
875 509 1005 563 ,30..
1078 504 1080 509 ·

588 706 644 759 Suo
658 703 747 759 dicere
762 705 880 758 naeniam
895 705 992 769 sodali,

590 787 681 857 Hujus
695 788 828 842 ambierat
837 789 979 857 pecuniosi

588 871 706 924 Felicem
720 871 824 924 reditus
838 872 1034 941 Episcopatum
1043 889 1053 932 ‚¹

588 954 642 1008 Sed
655 971 671 1006 a
685 953 810 1023 Principe
825 969 924 1022 passus
938 960 981 1006 est
993 952 1143 1024 repulsam.

589 1038 704 1091 Huncne
717 1037 781 1089 flere
794 1042 876 1106 putas
892 1036 1058 1106 Episcopum
1072 1036 1149 1088 illum
1165 1032 1176 1089 l

584 1119 737 1187 Nusquam.
753 1117 826 1179 Quid
840 1117 914 1172 dolet
928 1133 993 1186 ergo
1008 1112 1019 1170 l
1034 1117 1227 1187 Episcopatum
1243 1118 1291 1171 »1.

363 1299 621 1365 Monadorum
636 1307 764 1366 cautam
778 1302 987 1367 ambitionem
1002 1307 1035 1366 et
1049 1300 1229 1366 simulatam
1245 1301 1438 1367 modestiam
1447 1310 1552 1368 notat:

537 1500 551 1534 «
570 1483 679 1536 Brixius
692 1501 706 1537 e
721 1484 776 1538 vita
789 1501 877 1554 nuper
891 1484 1047 1538 decesserat
1060 1484 1156 1547 abbas,

635 1565 714 1620 Alter
731 1571 759 1617 et
772 1566 907 1618 exstincto
921 1565 1101 1618 sufficiendus
1117 1571 1184 1618 erat.

569 1649 611 1700 Ne
625 1655 652 1700 te
666 1647 805 1701 sufficiant
816 1647 946 1702 Monachi
960 1647 1024 1700 dum
1039 1647 1140 1717 quaeris
1155 1653 1182 1700 et
1195 1645 1293 1710 emble,

635 1729 672 1784 Ut
685 1735 712 1784 te
728 1730 875 1794 sufficiant,
890 1729 1064 1792 Cassiodore,
1080 1730 1152 1799 petis
1166 1749 1180 1782 »
1194 1729 1214 1782 ².

365 1905 400 1968 ln
415 1903 694 1988 Epigrammatum
708 1905 791 1970 libro
810 1907 883 1980 Vll,
909 1907 1119 1988 Pasquierius
1137 1905 1206 1988 jam
1231 1925 1385 1980 annosus,
1414 1903 1551 1968 necdum

323 2009 428 2066 tamen
458 2009 553 2067 aetate
580 2004 759 2077 confectus,
783 2006 922 2070 Jesuitas
947 2003 1113 2087 quosdam,
1147 2003 1227 2068 Lud.
1252 2003 1492 2068 Richeomum³
1521 2009 1553 2067 et

323 2100 432 2166 Carol.
449 2100 652 2166 Scribanium
670 2105 681 2143 Ι
699 2103 902 2187 gravioribus
921 2102 1063 2167 dicteriis
1077 2122 1173 2186 quam
1189 2100 1550 2186 lepidioribusvellicat‚

322 2219 394 2282 quae
424 2198 553 2265 silentio
580 2201 748 2266 involvere
777 2203 876 2267 satius
905 2208 993 2286 puto.
1024 2200 1106 2276 Quid
1137 2203 1223 2265 euim
1251 2221 1310 2264 nos
1341 2221 1438 2264 nosse
1458 2201 1552 2285 juvat

322 2298 478 2363 Scribanii
506 2319 624 2364 nomen
661 2300 866 2366 Scribasini5
894 2303 1024 2365 nomine
1060 2321 1132 2366 esse
1168 2299 1427 2365 commutatum?
1467 2299 1553 2364 Nihil

322 2397 485 2461 Paschasii
513 2397 607 2461 lamae
636 2398 758 2462 addunt
788 2401 880 2462 istius
903 2399 989 2463 modi
1011 2398 1149 2463 inficetas
1173 2398 1318 2477 lacetiae3
1346 2400 1409 2461 imo
1433 2397 1552 2480 aliquid

321 2494 542 2571 detraherent,
560 2497 667 2559 sinon
683 2496 830 2559 erunibus
846 2503 1046 2581 compertum
1057 2504 1144 2561 esset
1156 2495 1275 2561 menda
1289 2497 1349 2559 ista
1359 2502 1391 2560 et
1401 2497 1477 2561 vitia
1486 2516 1552 2560 non

320 2593 458 2657 hominis
473 2614 557 2670 esse,
575 2592 633 2658 sed
643 2596 808 2679 temporis.

361 2693 513 2758 Medicus
542 2698 575 2756 et
603 2691 801 2757 medicorum
829 2699 933 2758 artem
961 2694 1099 2758 ludibrio
1141 2696 1258 2778 saepius
1287 2694 1398 2757 habuit
1425 2700 1549 2757 noster.

320 2790 512 2855 Medicinam
550 2811 659 2868 sanus,
691 2797 726 2855 ut
748 2791 851 2870 multi,
894 2794 985 2876 parvi
1012 2793 1177 2856 faciebat⁸
1197 2815 1203 2871 3
1225 2791 1265 2855 ad
1292 2791 1434 2856 medicos
1464 2789 1553 2874 aeger

320 2889 528 2972 confugiebat
544 2892 568 2951 Ι.
595 2890 657 2964 Qui
679 2890 878 2955 medentium
901 2911 1004 2974 genus
1028 2890 1291 2955 molestissimum
1319 2911 1355 2955 ac
1374 2889 1552 2975 perridicu-

319 2987 386 3051 lum
406 2989 587 3064 aestimavit,
604 2990 689 3053 idem
706 2992 717 3031 ⁸
735 2995 844 3054 tamen
858 2990 1063 3054 medentibus
1079 2989 1280 3074 quibusdam,
1298 2997 1334 3052 ut
1346 2989 1508 3054 Rebursio
1524 2991 1549 3066 ⁹,

320 3085 444 3150 medico
459 3087 556 3150 simul
571 3107 609 3150 ac
622 3094 729 3171 poeta,
741 3094 774 3152 et
784 3089 915 3152 Simone
929 3090 1107 3166 Petraaoll,
1124 3087 1375 3152 familiarissime
1391 3108 1469 3151 usus
1488 3094 1548 3151 est.

320 3184 519 3250 Medicorum
548 3205 668 3262 mores
698 3190 928 3270 arrogantiam,
953 3188 1132 3262 avaritiam,
1158 3207 1301 3264 errores
1327 3187 1551 3251 contentiones

351 3523 361 3562 ¹
381 3525 430 3594 Ep.
447 3525 468 3586 1,
490 3523 531 3577 to.
547 3523 577 3574 ln
592 3522 735 3583 Quintum.
751 3551 782 3560 —
798 3523 838 3576 Cf.
856 3524 904 3590 Ep.
920 3523 978 3582 Vll,
993 3524 1034 3576 34.
1051 3523 1170 3576 «Verbo
1193 3523 1284 3592 pascis
1307 3539 1382 3586 ovea,
1407 3540 1444 3585 re,
1464 3523 1551 3576 Theo-

318 3623 427 3677 pompe‚
440 3606 522 3674 lupas
536 3621 559 3656 ».

350 3697 362 3736 ²
381 3699 429 3766 Ep.
448 3697 492 3756 Vt,
506 3696 547 3750 35.
562 3694 604 3748 Ad
619 3693 814 3748 Cassiodorum
830 3695 993 3746 monachum
1008 3694 1067 3759 (Ed.
1084 3695 1231 3761 Petit-Pas,
1243 3713 1270 3764 p.
1284 3697 1350 3760 183).

350 3789 362 3829 ³
379 3790 430 3856 Ep.
445 3789 504 3847 Vll,
518 3787 551 3839 68
564 3790 591 3838 et
602 3785 644 3839 69.

351 3881 363 3920 Ι
380 3881 429 3948 Ep.
445 3879 504 3941 ΙΙΙΙ,
522 3876 556 3929 70
568 3875 603 3928 ad
615 3876 656 3929 75.

351 3971 429 4039 5Ep.
444 3970 503 4031 Vll,
517 3969 559 4021 73.
575 3968 636 4020 Duo
651 3964 854 4035 Epigrammata
876 3969 958 4018 retert
981 3967 1010 4019 Ρ.
1035 3968 1151 4020 Garasse
1173 3985 1234 4036 quae
1258 3968 1433 4036 Pasquierius
1455 3975 1548 4021 contra

317 4053 438 4109 Jesuitas
451 4051 617 4121 scripsisset.
639 4051 682 4115 (V.
706 4047 791 4103 Rcch.
815 4048 864 4100 des
886 4048 971 4103 Rech.
993 4049 1048 4102 Liv.
1070 4051 1116 4112 ΙΙΙ,
1139 4050 1309 4113 sectionPtl).
1333 4052 1370 4103 Ea
1392 4053 1493 4103 absunt
1515 4052 1548 4102 ab

319 4135 502 4190 Editionibus,
513 4165 544 4172 -
556 4135 595 4187 Dc
610 4131 724 4184 desuitis
739 4131 800 4198 lege
815 4131 900 4198 Epist.
917 4147 977 4199 quae
988 4131 1079 4182 furtim
1091 4132 1177 4200 Epist.
1193 4134 1233 4195 12,
1244 4132 1290 4185 lib.
1301 4135 1392 4197 ΧΧΙΙ,
1403 4134 1549 4202 subjuncta

319 4225 370 4271 ost.

351 4313 362 4351 6
380 4311 441 4365 Vid.
453 4309 540 4380 Epist.
552 4310 643 4372 XXII,
651 4309 694 4360 l2:
712 4307 781 4360 Cum
792 4305 897 4357 medico
908 4320 958 4357 suo
969 4305 1002 4356 dc
1013 4305 1153 4357 medicina
1163 4311 1221 4356 arte
1231 4305 1353 4374 disputat
1364 4309 1550 4377 Pasquierius,

318 4413 369 4449 nec
391 4411 517 4464 magnam
530 4393 612 4446 fidem
635 4389 756 4444 scientiae
779 4388 818 4440 illi
842 4387 970 4440 adhibere
992 4387 1109 4441 videtur.
1124 4417 1155 4426 —
1171 4388 1212 4441 cf.
1229 4389 1345 4457 Epistol.
1360 4391 1437 4454 XIX,
1453 4393 1492 4444 16.

351 4488 361 4526 ⁷
381 4487 473 4557 Epigr.
493 4488 528 4548 ΙΙ,
541 4486 582 4540 ΙΟ.

350 4578 362 4620 ⁸
381 4581 480 4648 Eprll,
497 4578 544 4632 105
559 4575 619 4642 (Ed.
636 4572 782 4636 Petit-Pas,
796 4587 823 4640 p.
838 4571 881 4636 71)
896 4574 922 4622 et
937 4568 1049 4638 passim.

349 4670 361 4709 ⁹
379 4672 425 4733 IV,
438 4670 480 4724 56.
1000 4715 1003 4723 .

351 4764 375 4804 1⁰
393 4765 440 4826 ΙΙΙ,
455 4763 496 4816 67.
512 4791 543 4800 -
559 4758 624 4814 Sim.
649 4758 762 4811 Petraeo
784 4751 889 4805 medico
912 4765 992 4802 usum
1012 4763 1073 4800 csse
1095 4764 1124 4799 se
1147 4749 1290 4816 profitetur
1304 4750 1489 4819 Pasquierius,
1504 4751 1551 4821 qui

318 4848 406 4901 amico
422 4861 518 4898 rursus
527 4838 709 4913 patrocinium
723 4834 849 4907 praebuit.

612 5058 727 5087 ...n-f
738 5064 746 5071 -
766 5056 785 5063 -·
