3614 5442
846 492 976 546 40..

337 729 379 741 -
402 689 570 756 Nicolaum
585 688 687 754 filium
702 689 853 754 hortatur
867 696 903 755 ut
918 698 1045 757 mature
1059 693 1160 778 eligat
1173 713 1278 779 genus
1291 693 1423 760 vivendi
1441 696 1529 780 quod

296 797 423 857 naturae
445 797 479 855 et
496 790 593 874 genio
616 795 786 873 congruat,
812 795 846 854 at
866 791 1049 874 praesertim
1073 791 1252 859 electanis
1270 793 1341 878 jam
1369 792 1528 860 deerrare

297 894 411 955 caveat
423 907 430 954 :

495 1013 510 1046 ι
579 995 661 1049 Lecta
675 993 720 1048 ria
734 998 793 1047 est:
808 1009 872 1047 mox
885 999 913 1047 te
922 994 1009 1064 Jubeo
1023 996 1185 1060 benevolis,
1199 996 1298 1052 deinde

560 1075 705 1130 Proximus
718 1074 784 1129 huic
796 1074 847 1128 tibi
859 1073 897 1129 sit
911 1092 967 1129 non
980 1076 1086 1131 resilire
1099 1078 1178 1132 labor
1191 1097 1206 1131 ιι
1220 1078 1241 1132 ¹.

337 1247 379 1258 -·
393 1207 527 1275 Nicolao
542 1207 647 1273 eidem
662 1207 776 1273 suadet
785 1214 878 1292 pater
887 1215 923 1272 ut
932 1209 1047 1275 officiis
1061 1229 1141 1296 erga
1155 1213 1259 1277 Deum
1278 1211 1384 1278 libere
1399 1231 1438 1278 ac
1453 1215 1531 1277 sim-

296 1311 423 1396 pliciter
435 1309 607 1393 iungatur:

511 1473 526 1510 c
545 1455 589 1510 Sic
601 1471 653 1524 age
666 1471 728 1508 cum
742 1455 851 1524 superis
868 1455 947 1524 quasi
961 1462 989 1509 te
1002 1457 1081 1526 plebs
1094 1457 1188 1511 audiat
1205 1457 1310 1512 omnis:

610 1538 655 1593 Sic
668 1554 719 1606 age
733 1553 794 1590 cum
808 1538 911 1606 populo
926 1537 960 1593 Di
973 1539 1052 1608 quasi
1066 1545 1092 1594 te
1109 1540 1221 1594 videant
1235 1557 1249 1591 t>
1261 1539 1283 1592 ².

298 1675 366 1738 Nec
391 1674 508 1737 mirum
526 1676 576 1735 est
603 1669 827 1753 Pasquierium
844 1676 937 1734 natos
951 1677 1040 1735 tanto
1054 1689 1165 1735 amore
1178 1676 1332 1756 tantaque
1357 1674 1528 1757 prudentia

297 1772 440 1838 moribus
462 1771 597 1853 integris
618 1767 783 1845 imbuisse,
809 1769 1068 1853 quandoquidem
1090 1770 1245 1835 censebat
1258 1777 1395 1855 patrem,
1423 1772 1529 1838 donec

295 1871 416 1935 liberos
442 1868 480 1934 ad
504 1868 625 1932 bonum
649 1864 812 1942 informat,
837 1873 870 1931 et
890 1869 993 1950 ipsum
1017 1887 1132 1932 rursus
1155 1867 1259 1952 (quasi
1286 1869 1363 1934 boni
1389 1870 1527 1954 quadam

295 1968 501 2052 contagione)
537 1964 624 2030 effici
658 1963 838 2030 meliorem.
878 1964 958 2040 Quae
995 1966 1121 2030 subtilis
1155 1967 1251 2031 simul
1289 1988 1328 2033 ac
1358 1969 1528 2035 verissima

295 2068 456 2132 sententia
469 2065 532 2130 hoc
549 2065 780 2150 epigrammate
798 2064 1008 2149 exprimitur:

567 2227 582 2262 c
601 2211 688 2264 Natos
702 2209 853 2278 morigeros
867 2225 943 2263 meos
956 2209 1061 2272 fateris,

599 2294 805 2362 Acceptumque
819 2291 884 2345 mihi
896 2298 979 2362 putas
991 2292 1134 2344 ferendum

601 2377 659 2428 Hos
673 2375 747 2444 quod
760 2375 882 2428 erudiam
896 2375 950 2444 pie,
964 2375 1038 2444 qnod
1051 2375 1095 2428 his
1109 2382 1136 2428 et

600 2456 762 2526 Exemplum
777 2456 918 2509 exhibeam
932 2457 1054 2526 pudoris.
1068 2459 1153 2527 Atqui
1166 2457 1218 2510 hoc

598 2538 657 2592 Illis
670 2537 767 2601 debeo,
784 2539 889 2600 Flacca,
904 2554 960 2591 uon
973 2538 1040 2590 mihi
1054 2538 1109 2591 illi:

599 2622 677 2674 Istud
689 2621 759 2674 forte
773 2636 893 2684 novnm3
908 2619 958 2673 sed
971 2621 1062 2674 hercle
1076 2621 1116 2673 nil
1129 2628 1172 2675 est
1236 2625 1241 2631 '

600 2704 748 2772 Quodtam
763 2703 901 2756 contineat
914 2703 989 2772 pium
1004 2710 1155 2772 parentem,

600 2789 689 2841 Scnsu
703 2788 725 2839 si
740 2787 821 2839 modo
836 2786 967 2856 praeditus
981 2787 1017 2839 sit
1031 2787 1098 2849 ullo,

600 2871 688 2931 Quam
702 2869 849 2939 praesentia
863 2885 925 2921 cara
938 2869 1086 2922 liberorum
1102 2871 1150 2921 »3,

337 3002 418 3068 Sunt
443 3004 540 3068 etiam
567 3001 651 3087 apud
678 3002 903 3086 Pasquierium
927 3003 1096 3066 sententiaa
1119 3000 1277 3086 quadam,
1302 3001 1437 3066 disticho
1461 3022 1552 3068 uno.

293 3101 439 3180 inclusae,
455 3121 593 3186 quarmn
612 3102 805 3184 gravitatem
819 3102 889 3185 ipsa
911 3101 1054 3164 brevitas
1077 3099 1295 3178 commendat,
1319 3106 1355 3164 nt
1369 3101 1431 3166 ista
1454 3121 1527 3184 quae

294 3207 361 3267 tota
375 3200 559 3267 Christiana
572 3206 641 3266 est:

574 3365 589 3398 «
608 3348 671 3401 Non
683 3345 752 3400 vivit
764 3345 817 3400 sibi
831 3347 878 3415 qui
892 3344 956 3410 soli,
970 3346 1148 3416 Torquatum,
1160 3346 1228 3402 vivit
1239 3363 1246 3413 ;

675 3428 704 3484 Si
718 3444 781 3482 vere
795 3429 845 3482 tibi
858 3429 950 3482 vivere
964 3429 1016 3491 vis,
1029 3429 1092 3482 vive
1105 3429 1167 3482 aliis
1182 3447 1196 3482 »
1209 3427 1231 3481 t,

337 3564 476 3629 Putabat
491 3563 577 3627 enim
591 3562 802 3643 Pasquierius
819 3579 858 3624 ac
875 3559 1088 3644 profitebatur
1101 3561 1290 3644 sapientiam
1308 3580 1374 3625 non
1387 3561 1530 3625 humana

294 3666 421 3728 ratione
449 3660 593 3747 pendere
619 3678 682 3725 nec
704 3658 854 3723 humanis
876 3658 999 3723 artibus
1025 3665 1195 3735 constare;
1220 3659 1277 3725 sed
1300 3679 1410 3724 veram
1426 3659 1529 3743 philo-

296 3760 441 3846 sophiam
459 3760 530 3825 fere
551 3764 651 3824 totam
675 3757 924 3842 simplicioribus
943 3758 1153 3825 Christianos
1164 3759 1343 3843 relipt'onis
1358 3759 1529 3843 praeceptis

295 3860 465 3924 contineri.
484 3858 587 3933 Quam
603 3857 786 3940 opinionem
801 3874 967 3941 expresse,
985 3875 1046 3920 nec
1069 3855 1283 3942 ineleganter,
1308 3858 1340 3920 in
1357 3858 1529 3941 Epigram-

296 3963 381 4022 mata
395 3956 436 4022 ad
448 3959 567 4023 tanum
581 3954 755 4020 Morellum
771 3954 876 4020 dicato
891 3956 1048 4020 tramisit:

560 4121 575 4156 c
593 4105 634 4158 Tu
647 4119 682 4158 ne
695 4101 849 4173 quaesieris,
862 4103 989 4167 Morene,
1003 4109 1104 4158 nostrae

594 4187 736 4250 catenam,
751 4184 850 4239 seriem
863 4185 992 4255 vicesque
1006 4186 1100 4249 sortis,

595 4270 776 4336 Fortunaeque
789 4272 845 4320 tuas
859 4267 1025 4320 architectus
1039 4284 1074 4320 an
1088 4267 1138 4330 sis,

593 4350 698 4407 husati
712 4351 795 4404 tacita
808 4351 973 4404 necessitate

330 4577 340 4614 ¹
359 4577 410 4647 Ep.
424 4577 471 4640 Vl,
485 4577 527 4631 55.

329 4657 343 4697 ²
359 4661 410 4729 Ep.
425 4660 472 4722 Vl,
484 4659 527 4714 36.

330 4739 342 4779 ³
359 4743 409 4812 Ep.
425 4743 473 4806 111,
485 4742 527 4796 et.
540 4741 585 4795 Ad
599 4742 738 4795 Flaccum.

329 4824 342 4865 ὃ
358 4824 409 4894 Ep.
424 4824 471 4889 VI,
483 4823 526 4878 at.
