3614 5442
748 459 862 559 ..31-

216 749 218 753 -
235 703 397 788 Quidquid
412 710 472 781 est,
489 705 566 769 satis
581 707 709 768 constat
723 701 842 768 saeculo
861 701 955 768 XVl⁰
976 701 1094 768 bonam
1118 705 1244 788 partem
1266 701 1425 788 amplissi-

193 823 320 869 morum
335 793 501 868 hominum
515 823 641 889 musam
656 803 789 867 latinam
804 801 955 866 coluisse.
971 802 1061 866 Inter
1074 821 1155 885 quos
1171 820 1256 884 pens
1272 803 1424 885 sorensis

193 902 263 966 fere
273 903 426 967 universa
435 901 592 986 peculiari
603 900 741 986 quodam
751 899 857 965 studio
867 901 900 963 in
910 899 1080 965 condenda
1090 899 1421 966 carminatorebatur.

192 1002 331 1068 Facilius
346 1003 432 1067 enim
442 1008 557 1067 esteos
568 1001 668 1067 citare
679 1001 733 1084 qui
742 999 1008 1068 latinisversibus
1018 998 1174 1065 faciendis
1185 999 1422 1078 abstinuerunt,

193 1122 289 1187 quam
329 1101 403 1166 illos
442 1100 571 1167 referre
611 1106 769 1184 quotquot
802 1100 998 1184 Vergilium,
1032 1098 1208 1176 Catullum,
1239 1097 1422 1166 Martialem

192 1209 386 1284 ceterosque
407 1206 519 1285 poetas
546 1219 644 1282 quum
668 1199 829 1284 antiquos,
856 1205 922 1263 turn
945 1197 1145 1262 recentiores
1167 1204 1243 1262 sunt
1268 1199 1422 1266 aemulati.

193 1302 283 1377 Quos
308 1300 336 1363 si
365 1317 539 1365 recensere
566 1297 739 1382 aggrediar
764 1297 856 1364 brevi
883 1315 935 1362 me
960 1297 1047 1362 vires
1075 1297 1238 1380 animique
1259 1295 1423 1362 deficiant.

192 1399 348 1463 Dicamne
375 1403 408 1460 et
430 1395 528 1461 Mich.
553 1395 764 1479 Hospitalem,
790 1401 823 1459 et
850 1393 1036 1478 Christoph.
1060 1393 1229 1458 Thuanum
1247 1395 1281 1458 in
1308 1401 1423 1460 senatu

193 1497 364 1582 parisiensi
377 1497 565 1580 primarium
580 1494 754 1580 praesidem
764 1499 948 1577 utrumque,
962 1493 1016 1576 qui
1026 1511 1142 1557 versus
1152 1511 1295 1576 pangere
1304 1493 1424 1559 latinos

193 1601 536 1686 nondedignatisuntl
548 1599 702 1667 Omittam
717 1602 747 1665 J.
767 1601 969 1676 Brissonem‚
988 1599 1026 1663 P.
1045 1598 1207 1662 Pithoeurn
1220 1600 1338 1684 ipsum,
1351 1602 1422 1665 Nic.

194 1702 367 1787 Rapinum,
382 1701 459 1766 Ant.
485 1697 685 1784 Loysellum
705 1704 826 1764 tantam
845 1698 986 1782 denique
1013 1704 1183 1782 poetarum
1206 1699 1308 1762 aciem
1326 1717 1423 1784 quam

194 1803 448 1866 vixenumerare
472 1799 581 1866 valeat
607 1799 768 1864 Homerus
782 1797 887 1862 alter?

234 1922 298 1990 Sed
317 1923 388 1988 haec
413 1923 583 1988 hactenus.
602 1923 674 1986 Jam
697 1921 774 1985 satis
801 1927 936 2005 apparet
962 1921 1187 2004 Pasquierium
1215 1921 1291 1986 dum
1317 1922 1424 1988 latinis

192 2021 341 2088 versibus
369 2039 502 2104 operam
520 2019 588 2096 dat,
615 2021 790 2103 antiquitus
812 2017 964 2082 traditum
991 2038 1030 2084 ac
1055 2025 1223 2104 receptum
1241 2021 1425 2086 servavisse

194 2139 317 2184 morem
345 2137 406 2183 nec
421 2118 540 2195 solum,
556 2117 583 2180 si
596 2117 793 2202 peccaverit,
809 2135 974 2202 peccasse.

236 2233 324 2308 Quas
346 2239 455 2296 tamen
478 2230 519 2296 ob
545 2249 669 2296 causas
697 2237 866 2316 tantopere
893 2229 1056 2314 floruerat
1080 2232 1188 2297 talaiae
1214 2234 1327 2316 poesis
1359 2233 1424 2299 illis

194 2330 408 2414 temporibus,
432 2329 596 2414 praecipue
619 2329 704 2415 apud
726 2335 879 2414 patronos
901 2348 940 2393 ac
962 2328 1103 2414 judiees
1127 2330 1293 2415 inquirere
1314 2351 1424 2417 operae

191 2432 329 2515 pretium
344 2429 417 2495 erit.

232 2542 404 2608 Nonnullae
419 2563 527 2608 causae
540 2548 627 2617 sunt,
645 2564 716 2628 quae
732 2545 765 2607 in
775 2544 963 2608 universum
978 2542 1088 2607 valent
1101 2543 1187 2608 etad
1202 2563 1316 2612 ornnes
1331 2567 1424 2631 aeque

191 2645 364 2728 pertinent.
383 2643 471 2718 Quas
486 2641 614 2707 referre
630 2649 663 2707 ct
675 2643 786 2727 paucis
799 2642 910 2708 verbis
923 2641 1117 2707 contrahere
1133 2645 1211 2708 satis
1225 2646 1297 2710 erit.

232 2752 377 2822 Primum
393 2759 536 2820 omniurn
556 2758 684 2823 Latina
707 2740 840 2842 tanqua,
864 2776 1046 2842 quanquam
1075 2756 1217 2823 abactis
1239 2758 1423 2827 forensibus

193 2873 299 2938 nuper
312 2853 457 2932 exclusa,
475 2875 658 2939 quanquam
673 2854 788 2921 Gallici
802 2855 963 2920 sermonis
975 2875 1038 2920 usu
1052 2856 1083 2918 in
1107 2855 1176 2920 dies
1194 2858 1423 2943 progrediente

192 2955 227 3018 in
258 2953 327 3019 dies
353 2955 545 3033 imminuta,
561 2957 692 3040 vigebat
709 2963 817 3020 tamen
844 2958 868 3022 ¹.
886 2956 1029 3040 Vigebat
1047 2963 1182 3042 propter
1207 2960 1422 3026 inveteratam

193 3051 1144 3140 cousuetudinem,propter.etscholarumdisciplinamquae
1154 3061 1221 3120 tola
1230 3054 1328 3121 latina
1339 3065 1421 3124 erat.

193 3152 359 3236 Bilingues
373 3155 526 3235 temporis
540 3152 627 3216 illius
640 3152 788 3218 homines
803 3155 830 3217 si
849 3172 913 3218 non
928 3153 1157 3230 nascebantur,
1171 3173 1214 3219 ex
1224 3155 1422 3242 paedagogiis
1476 3171 1479 3179 ’

193 3251 337 3327 exibant,
355 3249 467 3334 lingua
481 3257 619 3334 utraque
632 3271 691 3316 seu
704 3251 916 3329 confabulari,
937 3271 996 3316 seu
1018 3252 1163 3317 scribere
1177 3257 1292 3338 parati.
1309 3256 1422 3340 Neque

191 3354 226 3412 ut
253 3348 289 3413 fit
316 3349 401 3434 apud
428 3369 499 3427 rios,
528 3351 635 3414 statim
652 3349 796 3416 eschola
824 3353 948 3434 egressi
973 3351 1092 3415 latinos
1119 3350 1219 3416 libros
1241 3353 1422 3437 praetaedio

191 3447 402 3532 rejiciebant;
420 3447 477 3512 sed
489 3467 606 3533 magno
617 3449 674 3513 illo
688 3448 833 3515 discendi
842 3448 948 3514 studio
959 3449 1084 3515 incensi
1098 3454 1131 3514 et
1152 3451 1243 3534 quasi
1256 3451 1420 3531 inebriati,

191 3548 325 3612 Graecos
334 3547 728 3626 lectitabant,lectitahant
739 3548 871 3614 Latinos
880 3549 1072 3636 praesertim,
1088 3551 1205 3632 saepius
1219 3551 1420 3635 repetebant,

190 3648 380 3710 memoriter
402 3645 568 3711 tenebant.
595 3644 689 3711 Unde
713 3646 904 3710 factumest
931 3651 966 3710 ut
991 3665 1057 3710 non
1083 3645 1232 3711 umbram
1249 3647 1421 3732 quamdam

191 3743 357 3808 latinitatis
378 3745 555 3818 referrent,
580 3744 758 3828 elegantias
785 3743 913 3809 dicendi
936 3744 1102 3828 quasdam,
1128 3746 1258 3831 lepores
1281 3749 1423 3832 exquisi-
1528 3805 1530 3810 ,

191 3842 291 3907 tiores
318 3842 478 3908 sermonis
505 3840 675 3921 callerent,
700 3842 758 3906 sed
787 3841 928 3926 linguam
952 3851 1052 3908 lotam
1074 3844 1360 3928 amplecterentur,
1389 3847 1422 3910 in

191 3960 269 4005 usus
283 3959 397 4020 omnes
419 3940 553 4026 perinde
570 3961 608 4007 ac
628 3961 720 4006 suam
738 3940 941 4007 adhiberent.
961 3942 1052 4008 Viris
1073 3943 1173 4026 igitur
1191 3944 1236 4009 ita
1255 3945 1422 4010 instructis

190 4058 260 4104 rem
275 4040 451 4123 quamlibet
476 4041 585 4105 latinis
598 4041 748 4106 versibus
764 4042 948 4125 exprimere
961 4040 1057 4106 ludus
1072 4047 1153 4107 erat.

232 4160 315 4225 Sunt
336 4162 409 4226 aliae
433 4181 541 4226 causae
564 4180 644 4246 quas
667 4161 794 4226 referre
817 4161 948 4242 sufficit,
973 4170 1009 4228 ut
1027 4170 1103 4248 pote
1118 4164 1172 4230 ille
1189 4163 1262 4230 fere
1278 4167 1422 4230 omnium

190 4259 281 4344 quasi
296 4277 476 4326 concursus
490 4263 523 4325 in
539 4267 689 4325 vetorum
704 4279 840 4345 operum
855 4262 1084 4329 imitationem
1093 4282 1152 4329 scu
1162 4264 1420 4330 translationem.

189 4358 283 4424 Adde
319 4359 407 4444 quod
442 4361 620 4425 etiamtunc
647 4360 701 4443 qui
740 4359 840 4426 latino
880 4380 1032 4428 sermone
1066 4363 1243 4428 utebantur
1280 4364 1422 4450 largiore

221 4661 232 4702 ¹
251 4665 291 4718 De
304 4665 357 4719 hoc
374 4664 520 4735 utriusque
540 4664 653 4734 linguae
666 4665 746 4736 quasi
763 4667 921 4735 certamine,
930 4667 1011 4722 vide:
1027 4670 1056 4722 F.
1072 4670 1187 4723 Brunot.
1198 4686 1212 4722 «
1223 4671 1260 4724 La
1273 4669 1344 4724 lutte
1357 4685 1423 4725 avec

187 4744 214 4798 la
228 4744 308 4800 Latin
326 4764 351 4811 n,
365 4748 456 4816 apud:
472 4765 486 4801 c
501 4747 573 4802 Hist.
588 4749 663 4802 dela
677 4751 789 4815 Langue
803 4755 831 4803 et
844 4750 878 4803 de
894 4749 921 4804 la
934 4750 1058 4806 Litterat.
1072 4752 1161 4820 tranq.
1171 4791 1191 4806 ..
1206 4753 1279 4808 Petit
1290 4753 1324 4806 de
1336 4752 1424 4808 lulle-

188 4823 253 4879 ville
268 4843 293 4895 u,
307 4830 328 4880 t.
343 4827 392 4892 ΙΙΙ,
404 4825 484 4899 chap.
497 4829 548 4885 XI.
