3614 5442
946 521 1076 575 ..18-

432 721 618 788 Feminam
631 721 806 804 pessimum
820 719 938 784 animal
953 720 1050 784 simul
1065 739 1103 786 ac
1121 722 1276 806 optimum
1291 726 1452 790 exsistere
1466 732 1556 792 ratus
1574 733 1625 792 est

391 821 611 905 Pasquierius,
629 820 683 902 qui
705 819 840 884 dicteria
862 819 969 896 mede,
986 819 1081 884 mede
1105 819 1277 886 blanditias
1298 824 1332 887 in
1354 823 1512 890 muliebre
1530 845 1625 891 secus

385 921 482 1006 juxta
492 919 626 1004 spargit.
636 918 740 984 Varia
749 917 883 982 crimina
894 925 925 982 et
936 919 1089 1000 querelas
1100 919 1162 984 hoc
1174 919 1309 986 disticho
1324 924 1506 988 contraxit:

653 1098 668 1134 e
686 1081 798 1136 Femina
812 1097 856 1134 res
870 1080 988 1150 fragilia,
1002 1098 1046 1136 res
1059 1081 1147 1136 futilis
1160 1089 1188 1137 et
1201 1083 1327 1153 puerilis,

750 1163 874 1227 Mobilis,
889 1163 1019 1227 imbellia,
1039 1164 1156 1234 denique
1174 1165 1212 1218 nil
1228 1167 1282 1219 nisi
1295 1167 1330 1220 lis
1343 1185 1357 1220 e
1371 1167 1391 1220 ¹.

388 1305 531 1372 Feminis
553 1311 662 1369 tamen
687 1304 754 1370 fate
777 1304 917 1388 quedam
941 1325 1066 1370 summa
1090 1306 1122 1370 in
1137 1306 1284 1372 hemines
1308 1327 1464 1374 concessa
1480 1316 1621 1394 potestas

389 1413 447 1482 est,
466 1426 538 1489 quae
553 1403 704 1469 muliebri
718 1403 914 1485 Venusiam,
930 1405 1082 1469 muliebri
1094 1405 1226 1471 Pudere
1241 1414 1387 1473 constat:

552 1587 566 1622 «
651 1571 721 1624 Nam
738 1569 803 1621 licet
820 1568 935 1637 imperio
954 1569 1006 1622 sibi
1024 1571 1066 1624 vir
1083 1555 1225 1624 blanditur
1241 1571 1347 1640 inique,

713 1652 850 1719 Armaque
867 1650 966 1720 jusque
983 1667 1034 1704 sue
1052 1655 1184 1721 temperet
1201 1653 1324 1719 arbitrie,

651 1733 719 1794 Quae
736 1735 829 1784 tamen
846 1733 875 1784 in
893 1733 974 1786 nobis
991 1733 1091 1786 renitet
1109 1733 1229 1802 genuina
1246 1735 1385 1788 Venustas

713 1814 764 1868 Jus
781 1813 864 1866 habet
881 1813 909 1866 iu
927 1819 1041 1868 cunctos
1059 1815 1206 1884 imperiosa
1223 1815 1297 1870 vires
1315 1815 1367 1869 »st

385 1945 464 2022 Plus
487 1956 585 2020 etiam
608 1953 733 2038 pudere
756 1974 852 2036 quam
878 1955 946 2038 ipsa
969 1959 1142 2019 venustate
1167 1955 1287 2022 femina
1310 1956 1408 2036 valet,
1424 1964 1460 2022 ut
1483 1978 1525 2024 ex
1548 1960 1617 2024 istis

383 2055 533 2120 versibus
552 2059 686 2138 apparet
704 2073 711 2117 :

613 2233 628 2269 <‹
647 2217 706 2270 Hoc
723 2217 779 2269 fate
798 2216 930 2270 muliebre
956 2233 1045 2285 genus
1071 2222 1170 2270 natura
1187 2219 1289 2272 creavit

713 2300 804 2367 Hujus
817 2306 848 2352 ut
861 2299 991 2352 assiduus
1004 2304 1101 2368 regnet
1114 2301 1143 2351 in
1157 2315 1203 2353 ere
1219 2301 1319 2354 Pudor.

646 2382 707 2434 Vim
724 2381 862 2450 roburque
880 2381 947 2446 vire,
972 2396 1027 2434 nen
1052 2381 1109 2434 ulle
1132 2397 1245 2450 aspersa
1271 2380 1386 2449 pudere,

713 2463 882 2533 Corporibus
900 2464 993 2526 robur,
1008 2463 1062 2517 vim
1077 2463 1153 2517 dedit
1166 2464 1294 2534 ingeniis.

646 2547 767 2616 Corpore
781 2548 808 2599 et
822 2546 933 2614 ingenie
947 2546 994 2613 qui
1008 2550 1099 2599 cetera
1114 2547 1207 2609 vincit,
1226 2547 1352 2600 eumdem

711 2629 859 2698 Virgineus
872 2629 945 2698 petis
960 2632 1003 2682 est
1017 2645 1182 2698 exsuperare
1195 2629 1289 2684 Pudor
1303 2647 1326 2681 u.
1342 2630 1353 2668 ³

422 2775 494 2837 Jam
508 2772 586 2836 satis
600 2769 721 2836 dictum
735 2776 786 2835 est
800 2776 835 2834 ut
848 2777 955 2855 pateat
969 2771 1208 2853 Pasquierium‚
1225 2789 1284 2854 pre
1303 2788 1394 2835 mere
1417 2770 1520 2834 aetatis
1535 2789 1613 2847 suae,

382 2873 535 2937 seminam
554 2870 801 2956 religiosissime
818 2877 1009 2938 veneratum
1026 2890 1110 2946 esse,
1126 2869 1213 2936 haud
1228 2871 1272 2934 ita
1287 2877 1396 2935 tamen
1410 2877 1444 2935 ut
1457 2870 1614 2955 supersti-

383 2974 469 3037 tione
484 2976 716 3036 eccaeceretur.

422 3069 554 3135 Certam
580 3069 722 3134 Amoris
750 3070 908 3132 rationem
936 3073 969 3131 et
996 3066 1176 3131 absolutam
1200 3067 1328 3132 amandi
1361 3067 1540 3132 doctrinam
1555 3067 1567 3108 l
1582 3069 1614 3131 in

380 3168 659 3250 Epigrammatum
674 3165 766 3228 libris
787 3166 964 3248 inquirere,
989 3163 1166 3229 absurdum
1194 3183 1284 3229 sane.
1314 3166 1355 3230 Ut
1375 3165 1541 3242 feminam,
1569 3166 1615 3230 sic

380 3285 537 3341 amorem,
553 3265 687 3328 arbitrie
702 3282 772 3340 sue,
789 3282 876 3327 nuuc
891 3263 1044 3328 laudibus
1059 3263 1197 3340 extollit,
1215 3283 1301 3328 nuuc
1314 3263 1442 3348 probris
1453 3263 1610 3348 deprimit.

381 3365 486 3429 Unum
513 3362 652 3427 referam
680 3361 883 3446 epigramma
904 3382 967 3445 que
996 3363 1102 3427 varias
1132 3362 1172 3427 dc
1199 3381 1237 3426 re
1264 3362 1432 3446 opiniones
1457 3363 1489 3426 in
1514 3383 1613 3426 unum

380 3463 497 3546 coegit.
515 3460 597 3526 lllud
613 3467 662 3526 est
675 3479 738 3542 que
749 3460 958 3544 Pasquierius
968 3480 1113 3525 amorem
1124 3480 1197 3524 cum
1208 3461 1310 3538 Chae,
1322 3468 1414 3527 sueta
1424 3461 1611 3536 subtilitate,

379 3560 465 3625 baud
480 3567 589 3625 tamen
607 3560 811 3642 inexpresso,
829 3565 1014 3642 comparat:

493 3731 508 3767 <‹
527 3715 599 3780 Ergo
615 3712 707 3766 Chaos
721 3711 836 3764 densum
851 3711 959 3780 rupisse
973 3716 1250 3780 putemusAmerem,

595 3795 645 3858 Qui
661 3794 731 3847 nihil
744 3800 796 3857 est,
810 3799 858 3846 aut
872 3800 914 3848 est
928 3794 968 3846 nil
981 3794 1034 3847 nisi
1049 3796 1127 3848 triste
1141 3791 1254 3848 Chaos?

528 3881 607 3949 Spes,
621 3878 712 3940 timer,
728 3877 777 3939 ira,
791 3891 897 3946 preces,
911 3877 1025 3941 bellurn,
1039 3895 1103 3947 pax,
1117 3877 1227 3946 gaudia,
1242 3879 1344 3941 luctus,

594 3962 628 4014 Et
641 3960 769 4028 lacrymae
784 3965 811 4011 et
824 3958 897 4012 risus
912 3965 978 4012 sunt
990 3961 1018 4011 in
1032 3975 1124 4013 umere
1138 3959 1230 4012 simul.

593 4124 670 4178 Istud
684 4140 775 4178 nenne
789 4129 868 4194 potos
878 4124 942 4194 jure
955 4141 1052 4178 vocare
1071 4120 1183 4180 Chaos?

410 4365 420 4404 1
436 4368 472 4419 lc.
487 4367 520 4428 ll,
535 4381 562 4434 p.
575 4363 634 4418 279.
651 4361 711 4429 (Ed.
728 4361 801 4426 1618,
816 4379 860 4430 ap.
875 4363 934 4415 Jea.
950 4362 1109 4428 Petit-Pas).

410 4474 422 4512 ²
440 4472 533 4542 Epigr.
549 4472 570 4533 l,
586 4471 625 4523 12.
698 4438 704 4446 Ι

409 4581 421 4619 3
439 4581 489 4648 Ep.
503 4580 551 4641 VI,
567 4579 606 4631 17.
623 4578 662 4629 De
677 4575 804 4628 muliebri
818 4575 932 4644 pudere.

409 4687 421 4727 t
438 4689 504 4740 llam
518 4684 626 4737 amandi
636 4683 787 4737 doctrinam
797 4684 859 4735 aliis
869 4682 898 4734 in
912 4683 1014 4736 libellis
1030 4697 1189 4752 expressam
1204 4681 1328 4735 invenies
1342 4684 1378 4746 (v.
1395 4681 1431 4733 le
1448 4681 1607 4750 rnenephilo

377 4799 407 4807 —
418 4769 566 4837 Colloqucs
584 4767 754 4820 d'Ameur-
771 4768 877 4819 Lettros
892 4767 1101 4831 Ameureuses),
1117 4781 1149 4817 ac
1161 4765 1300 4833 paesertim
1319 4763 1346 4814 in
1364 4762 1509 4831 poematiis
1528 4763 1608 4815 istis:

374 4869 388 4905 «
409 4853 461 4905 Les
473 4850 539 4920 jeux
552 4849 697 4920 poetiques
713 4864 736 4899 u.
754 4849 796 4913 (T.
811 4848 846 4911 ΙΙ,
860 4864 907 4916 pp.
922 4847 1001 4901 827s
1034 4849 1054 4913 ).
1071 4875 1102 4886 -
1117 4846 1151 4898 cl.
1168 4847 1285 4908 lettres,
1303 4845 1382 4908 XXI,
1395 4844 1420 4898 6.
