3614 5442
693 974 996 1079 APPENDlX

216 1218 343 1270 Index
353 1215 747 1268 Latino-vernaculus
761 1213 955 1265 nominum
966 1215 1210 1278 'propriorum
1219 1215 1364 1279 auquot
1373 1229 1457 1280 quae

383 1298 423 1350 in
441 1297 577 1350 latinis
594 1296 816 1361 Pasquierii
832 1296 1071 1361 poematibus
1089 1299 1302 1350 occurrunt.

198 1671 205 1678 ‘
262 1663 340 1727 Tria
354 1669 431 1727 sunt
444 1662 611 1727 nominum
627 1661 833 1744 propriorum
846 1677 968 1743 genera
983 1657 1068 1743 apud
1082 1657 1320 1741 Pasquierium.

262 1761 367 1826 Multa
393 1768 469 1825 sunt
491 1762 623 1823 nomina
644 1757 811 1822 hominum
832 1756 913 1822 adeo
936 1756 1112 1822 illustrium
1133 1765 1169 1820 ut
1189 1759 1246 1822 toti
1260 1759 1291 1822 in
1307 1758 1458 1824 Historiis

218 1862 300 1925 sint.
324 1897 355 1908 ·-
378 1859 482 1924 Multa
500 1860 563 1923 alia
587 1859 730 1935 nomina,
747 1876 931 1940 quanquam
956 1856 1030 1921 ficta
1059 1865 1092 1923 31
1113 1857 1234 1932 133313,
1253 1857 1294 1922 ad
1311 1857 1459 1923 homines

219 1958 380 2042 temporis
395 1956 551 2041 quosdam
565 1956 684 2020 referri
700 1959 850 2039 poterant
864 1953 906 2018 ab
916 1954 1105 2037 aequalibus
1122 1974 1186 2017 non
1201 1961 1310 2020 tamen
1323 1954 1456 2019 anobis.

220 2093 263 2102 —
285 2057 365 2120 Haec
395 2063 492 2140 atque
522 2055 590 2130 illa,
614 2060 670 2119 aut
692 2053 893 2126 obscuriora,
917 2059 973 2118 aut
994 2053 1143 2130 clariora,
1170 2053 1318 2119 consulto
1341 2055 1374 2117 in
1398 2055 1459 2118 hoc

220 2155 335 2219 Indice
357 2156 458 2220 omisi.

264 2255 410 2320 Tertium
433 2273 537 2339 genus
560 2260 609 2319 esi
640 2255 805 2318 nominum
834 2252 952 2337 quibus
979 2253 1129 2318 homines
1146 2260 1255 2318 certos
1277 2252 1459 2338 designavit

220 2354 447 2437 PasquieriuS,
463 2353 520 2418 sed
535 2352 684 2417 homines
702 2352 771 2437 jam
795 2371 887 2436 paene
912 2354 1069 2417 memoria
1089 2353 1227 2427 (1313133,
1243 2358 1276 2417 31
1292 2353 1337 2417 113
1349 2353 1458 2418 latinis

220 2453 392 2518 vocabulis
414 2459 607 2537 personatos
628 2472 667 2516 ac
681 2450 890 2528 deformatos,
917 2457 952 2516 ut
978 2471 1043 2517 non
1064 2452 1243 2517 absurdum
1262 2472 1323 2517 nec
1345 2453 1458 2518 inutile

221 2552 323 2616 fuerit
339 2552 570 2617 obscuritatem
586 2552 692 2627 istam,
708 2551 762 2615 vel
777 2551 957 2634 paululum,
974 2551 1177 2616 discussisse.
1500 2555 1502 2562 ⁴

269 2650 406 2724 Quando
422 2655 531 2715 autem
546 2650 632 2714 hanc
653 2650 740 2713 ultro
755 2668 888 2733 operam
904 2651 1057 2735 suscipio
1073 2651 1202 2734 postulo
1216 2658 1249 2714 ut
1269 2652 1346 2715 mihi
1363 2652 1460 2716 liceat

220 2749 401 2814 vernaculo
425 2767 578 2813 sermone
601 2749 660 2826 uti,
684 2748 725 2811 ob
748 2755 779 2812 et
809 2747 994 2825 scribentis,
1019 2756 1052 2812 et
1073 2750 1253 2832 legentium
1282 2750 1460 2814 commodi-

222 2850 360 2911 tatami.

766 2936 914 2948 —-=

259 3067 266 3104 ¹
286 3069 337 3124 t'ai
355 3069 479 3123 consulte
498 3073 628 3122 surtout:

222 3235 415 3300 Fasquler
430 3232 583 3297 lui-meme,
598 3233 666 3285 dans
689 3249 733 3286 ses
755 3235 871 3296 lettres,
886 3239 913 3286 et
932 3234 974 3286 les
996 3233 1124 3311 Recucils
1145 3233 1374 3297 (13((13Ρ3333,
1400 3251 1415 3287 ((
1434 3235 1460 3287 13

291 3317 368 3371 Μ313
386 3333 410 3379 r),
425 3322 477 3370 etc.

223 3435 391 3486 Lacroix
417 3435 467 3486 du
488 3435 677 3487 1113133.-
691 3437 751 3487 Du
773 3435 944 3488 verdier.
969 3464 999 3471 —
1023 3431 1459 3502 31111311333311333313311111.

292 3515 409 3584 Rigolcy
424 3515 458 3568 (13
471 3515 603 3584 magny,
618 3516 691 3568 1777.

224 3632 382 3687 Sobvole
404 3632 449 3684 de
471 3632 521 3684 sto
540 3632 701 3684 Martiae.
725 3660 755 3670 -
777 3630 878 3698 Eloges
900 3632 949 3684 des
974 3631 1098 3684 hommes
1122 3631 1244 3684 illustres
1258 3630 1305 3700 qui
1318 3632 1416 3701 depuis
1430 3648 1460 3684 ce

291 3713 374 3766 siecle
397 3720 445 3766 ont
466 3713 554 3780 fleury
576 3727 611 3764 cn
625 3713 727 3766 Francc
750 3712 819 3765 dans
839 3713 866 3764 13
879 3713 1036 3781 profession
1053 3713 1102 3766 des
1124 3715 1239 3768 Lettres.
1252 3713 1403 3783 Componis
1426 3730 1460 3765 en

291 3795 359 3848 latin
381 3810 430 3864 par
444 3796 487 3849 Sc.
503 3794 536 3846 de
559 3795 602 3849 ste
624 3793 732 3848 Martha
754 3800 782 3846 ct
810 3795 862 3846 mis
884 3810 919 3846 cn
939 3795 1057 3860 franceis
1070 3810 1120 3864 par
1137 3796 1168 3850 G.
1184 3796 1311 3851 Colletet.
1327 3827 1357 3834 —
1373 3795 1460 3858 Paris,

292 3879 321 3930 in
333 3881 369 3942 4⁰,
384 3878 449 3930 choz
462 3879 527 3930 Ant.
543 3876 576 3928 dc
591 3875 768 3929 Sommaville
783 3883 811 3929 ef
826 3879 896 3946 Aug.
918 3878 1035 3942 Combe,
1050 3879 1253 3932 MDCXLlIllI.

225 3996 317 4047 Ant.
335 3995 487 4060 Loysel.
515 4022 546 4029 —
568 4008 583 4044 <t
606 3992 739 4061 Pasquier
765 4007 800 4044 33
824 3993 957 4061 Dialogus
980 3991 1029 4044 des
1050 3996 1170 4046 Avocats
1192 3993 1228 4046 (13
1251 3995 1407 4047 Parlement
1427 3994 1460 4046 de

293 4077 369 4129 Paris
383 4093 398 4128 ›>
420 4075 488 4127 dans
510 4091 524 4126 ((
549 4076 654 4128 Lettres
677 4089 724 4126 sur
738 4073 765 4126 la
787 4075 942 4144 profession
964 4075 1460 4145 (1333331333[13133333111333

292 4175 341 4228 par
363 4158 455 4228 Dupin
473 4156 543 4210 aine.
568 4187 598 4194 —
619 4157 646 4210 5θ
669 4156 725 4223 cd„
748 4156 822 4212 1833.
850 4156 1004 4220 Bruxelles‚
1030 4157 1091 4210 libr.
1123 4159 1156 4210 de
1185 4159 1398 4228 Jnrisprudence
1425 4159 1459 4210 (13

293 4243 327 4295 H.
343 4241 449 4295 'farlier
465 4241 505 4311 [v.
519 4241 546 4293 3θ
564 4241 737 4303 3331313333,
750 4257 796 4310 pp.
812 4241 930 4310 751291

224 4361 247 4414 J
250 4360 319 4410 .-A.
337 4360 383 4412 de
399 4360 516 4412 Thou.
536 4387 566 4395 -
586 4359 626 4410 lle
641 4355 702 4410 Vita
711 4372 761 4409 sua
775 4359 806 4423 (1.
822 4357 846 4410 11
860 4356 894 4409 de
907 4357 976 4411 l'Ed.
993 4357 1053 4411 Nic.
1069 4357 1202 4425 Rigault),

224 4472 600 4540 Bay10.-Dictionnaire
614 4471 766 4542 historiqne
781 4478 809 4526 et
822 4473 946 4542 critique.
961 4473 1010 4527 Ed.
1027 4473 1103 4528 1720.

224 4592 333 4644 Abbe
351 4590 504 4655 eoujet.
523 4619 555 4628 -
573 4588 766 4658 Bibliotheque
779 4588 925 4654 francaise.

224 4710 283 4760 La
298 4706 456 4759 Pleiade
473 4706 677 4772 fianpaiso.
692 4712 723 4742 ’-
737 4705 780 4770 (Α.
796 4705 932 4766 Lemana,
945 4702 1072 4766 editeur).
