3614 5442
934 461 1063 515 -22-

425 659 529 734 Quam
545 661 726 746 eleganter,
742 680 837 744 quam
852 667 989 726 venuste
1003 660 1042 726 de
1057 666 1237 746 aegrotante
1254 661 1372 728 Sabina
1387 661 1547 746 nugatur!

644 826 659 862 u
674 809 826 880 Carpebam
837 809 948 862 domina
961 810 1110 878 fragrantia
1122 810 1200 863 basia
1212 811 1246 862 ab
1261 826 1345 878 aegra,

711 891 762 946 His
776 909 838 946 cum
851 907 903 946 nos
916 893 1035 947 breviter
1048 894 1150 962 pressit
1162 894 1249 945 amica
1262 892 1351 944 modis
1365 909 1370 944 :

644 991 659 1026 u
677 975 720 1029 Ah
731 990 827 1028 vereor
840 992 875 1027 ne
886 979 914 1028 te
923 975 1008 1028 febris
1021 975 1148 1044 contagia
1162 974 1273 1038 laedant,

711 1056 891 1126 Languidulis
905 1052 992 1110 nectis
1006 1059 1053 1126 qui
1064 1064 1110 1111 tua
1122 1056 1200 1110 labra
1214 1057 1282 1110 meis
1297 1074 1321 1109 o.

677 1141 749 1193 Huic
762 1155 831 1209 ego:
847 1157 862 1192 u
877 1139 1015 1195 Suaviolis
1028 1141 1116 1193 morbi
1130 1141 1258 1208 contagio
1273 1145 1375 1208 serpat,

710 1224 780 1276 Dum
793 1227 825 1277 tu
840 1223 921 1276 etiam
936 1224 1031 1278 morbo
1045 1224 1190 1292 corripiare
1203 1239 1264 1278 meo
1279 1240 1293 1275 »
1307 1222 1327 1276 l.

353 1365 358 1374 “
421 1356 454 1421 Si
472 1354 599 1439 quando
614 1361 721 1440 torpet
735 1357 915 1440 Pasquierii
938 1357 1117 1440 ingenium,
1140 1357 1192 1421 vel
1217 1357 1351 1440 languet
1373 1376 1476 1433 amor,
1501 1356 1609 1420 statim

379 1453 525 1538 confugit
539 1455 580 1519 ad
594 1453 701 1520 varias
719 1461 807 1520 artes
822 1455 938 1539 quibus
952 1457 1006 1519 vel
1028 1456 1139 1540 optimi
1164 1464 1269 1540 poetae
1293 1457 1392 1540 vulgo
1418 1455 1606 1520 utebantur.

378 1553 467 1619 Raro
483 1554 613 1638 quidem
627 1561 755 1620 veteres
771 1555 811 1620 de
830 1554 889 1619 diis
904 1553 1030 1619 fabulas
1055 1555 1095 1620 ad
1114 1556 1271 1619 auxilium
1294 1563 1409 1636 vocat3
1435 1554 1608 1638 aliquando

376 1659 486 1718 tamen
509 1653 594 1719 banc
617 1653 748 1718 adhibet
772 1652 951 1718 deficientis
974 1673 1066 1718 venae
1090 1672 1195 1738 opem,
1220 1673 1281 1718 neo
1301 1654 1443 1738 illepide,
1461 1659 1496 1717 ut
1509 1674 1608 1737 quum
1699 1708 1705 1714 .

377 1751 529 1817 Sabinam
542 1772 633 1817 suam
652 1773 725 1817 cum
738 1753 878 1829 lunone,
898 1754 1057 1830 Minerva,
1077 1755 1210 1819 Venere
1225 1759 1408 1838 comparat:

663 1918 678 1952 u
695 1899 833 1954 iudicium
848 1900 955 1953 Paridis
970 1899 1056 1954 nolito
1071 1906 1210 1970 utcunque
1225 1900 1322 1964 vereri,

731 1985 761 2038 ln
776 1989 878 2036 tecum
893 1979 979 2036 solam
994 1989 1050 2036 tres
1064 1982 1153 2036 coiere
1167 1985 1231 2037 Deae
1246 2000 1260 2035 »
1273 1982 1294 2035 ².
1414 1972 1418 1978 ’

416 2129 564 2195 Putidius
584 2129 761 2196 identidem
789 2133 1015 2206 eruditionem,
1044 2134 1098 2197 vel
1125 2133 1324 2208 historicam,
1350 2134 1402 2198 vel
1419 2133 1605 2218 juridicam,

374 2231 464 2312 poesi
480 2236 512 2293 et
521 2231 625 2295 amori
636 2233 760 2310 miscet,
773 2252 830 2297 sen
842 2232 993 2297 Sabinam
1007 2252 1097 2296 suam
1109 2231 1274 2296 veteribus
1285 2231 1410 2297 Sabinis
1421 2231 1568 2296 conferat
1580 2233 1604 2304 ³,

374 2347 432 2392 seu
447 2327 594 2393 eamdem
609 2329 762 2413 praeferat
778 2333 895 2395 ceteris
910 2332 1024 2396 studiis
1040 2333 1107 2396 suis
1126 2331 1151 2408 l,
1172 2331 1242 2395 sive
1260 2332 1357 2396 etiam
1372 2338 1446 2396 uter
1470 2337 1542 2395 utra
1565 2332 1607 2394 sit

373 2427 473 2510 prior,
490 2427 593 2490 Amor
609 2447 650 2491 an
664 2428 745 2505 Lex,
761 2431 905 2512 grauiter
917 2431 1058 2512 inquirat
1080 2431 1104 2493 Ι.

415 2525 450 2590 Si
464 2525 592 2609 quando
607 2525 793 2610 frigidiores
807 2545 909 2610 nugas
924 2529 1024 2611 ponit,
1046 2529 1072 2591 si
1095 2527 1313 2592 ardentiorem
1329 2547 1472 2592 amorem
1497 2529 1603 2613 tingit,

373 2626 469 2690 etiam
485 2631 552 2689 tum
568 2631 680 2688 noster
694 2626 790 2709 genio
804 2625 963 2709 indulget,
984 2632 1091 2690 certas
1113 2627 1268 2709 quasdam
1286 2628 1453 2690 amatoriae
1467 2645 1606 2710 poeseos

372 2724 505 2809 regulas
538 2731 660 2801 servat,
695 2726 875 2810 praecipuos
914 2727 1057 2790 imitatur
1089 2732 1251 2790 auctores
1286 2725 1449 2790 Catullum
1481 2727 1607 2791 scilieet

372 2829 527 2901 sectatur,
543 2822 595 2888 vel
608 2826 809 2888 recentiores
825 2823 943 2890 Catulli
954 2826 1144 2902 imitatores
1156 2828 1205 2890 to.
1222 2823 1419 2902 Secundum,
1435 2827 1483 2891 Ja.
1499 2827 1606 2890 Bone-

372 2919 450 2985 iium
466 2921 561 3005 (quos
573 2921 703 3005 quidem
718 2923 762 2988 ita
776 2923 886 2988 laudat
903 2929 936 2988 ut
950 2924 988 2987 iis
1003 2925 1167 3007 magistris
1185 2945 1280 2988 usum
1295 2944 1330 2988 se
1354 2925 1548 2990 confiteatur
1560 2926 1602 3010 )⁶,

371 3021 424 3085 vel
435 3020 530 3084 etiam
541 3019 745 3085 Theodorum
754 3023 885 3086 Beatum
899 3022 1156 3086 inJuvenilibus.
1168 3021 1292 3086 Eadem
1308 3023 1398 3086 estin
1413 3025 1605 3106 Pasquierio

372 3119 489 3202 quaein
509 3118 628 3184 Catulli
651 3119 878 3196 sectatoribus,
903 3119 1169 3184 diminutivorum
1192 3120 1367 3204 geminatio
1395 3129 1426 3186 et
1448 3141 1603 3186 versuum

371 3218 511 3296 iteratio,
529 3239 601 3302 quae
617 3218 799 3303 elegantiae,
816 3225 851 3282 ut
870 3219 988 3302 saepius
1005 3220 1163 3303 repetitae,
1182 3218 1321 3302 denique
1337 3219 1483 3286 molestae
1507 3219 1601 3285 liunt.

732 3405 747 3440 «
765 3389 837 3441 Dum
849 3385 1025 3457 pellucidulis
1037 3388 1122 3440 micas
1136 3387 1232 3442 ocellis

765 3472 800 3524 Et
811 3471 877 3522 dum
888 3471 940 3523 flos
951 3471 1022 3523 viret
1034 3470 1122 3538 ipsius
1135 3469 1266 3537 juventa,

765 3553 805 3605 Da
822 3550 860 3603 mi
872 3550 959 3604 millia
972 3551 1047 3604 mille
1061 3553 1211 3614 basiorum,

764 3635 826 3701 lpse
839 3633 925 3686 millia
935 3632 1010 3685 mille
1025 3633 1086 3686 dem
1102 3633 1231 3687 vicissim.

764 3716 906 3783 Quotquot
919 3713 1006 3767 millia
1017 3715 1201 3768 basiationum

764 3797 857 3864 Negas
866 3796 993 3850 floridula
1006 3803 1054 3850 tua
1062 3798 1187 3866 juventa,

763 3880 816 3932 'lot
824 3884 866 3932 tot
879 3879 965 3932 millia
976 3878 1203 3949 lacrymationum

763 3960 835 4014 Edes
848 3961 983 4031 pallidula
994 3967 1042 4015 tua
1055 3967 1167 4016 senecta
1180 3979 1194 4015 »
1205 3963 1228 4017 Ι.

398 4194 409 4233 1
428 4196 656 4264 np.1v‚10t.-
674 4197 716 4252 Cf.
731 4198 790 4262 Vll,
804 4199 845 4252 34.

398 4277 779 4348 ²QWQ-OEhffl

397 4359 409 4400 ³
426 4361 476 4430 Ep.
491 4361 538 4424 VI,
550 4360 592 4415 49.

397 4442 410 4483 l
426 4444 476 4512 Ep.
487 4445 508 4510 l,
520 4443 567 4498 39:

609 4543 625 4580 a
644 4529 684 4581 Tu
698 4527 759 4582 sola
772 4527 893 4582 Historia
907 4545 948 4591 es,
965 4530 1081 4597 Caussa,
1095 4531 1257 4602 Sophosque
1271 4533 1337 4587 mihi
1351 4552 1375 4587 a.

395 4606 406 4646 5
424 4608 474 4678 Ep.
489 4609 550 4672 Vll,
562 4609 587 4662 3.
603 4625 619 4662 «
635 4611 675 4663 De
689 4609 751 4679 lege
765 4614 791 4664 et
805 4614 905 4665 Amore
920 4628 944 4664 ».

397 4689 409 4728 ⁶
426 4691 475 4760 Ep.
489 4691 537 4752 Vl,
548 4693 581 4745 44
591 4697 619 4744 et
630 4694 676 4755 Vl,
690 4693 732 4747 52.

394 4770 406 4810 '¹
424 4773 475 4842 Ep.
489 4772 523 4834 ΙΙ,
537 4773 578 4825 74.

456 5227 603 5280 μὴ...

316 5274 455 5422 ,Α
683 5312 715 5422 ·.
