3614 5442
762 517 893 576 ,37-

205 757 247 769 -
271 719 401 787 Gaudet
422 725 537 785 noster
558 718 709 784 referens
737 718 840 785 Calvo
862 717 991 784 cuidam
1020 719 1207 803 promisisse
1233 717 1444 802 astrologum

204 820 280 886 fore
296 827 332 886 ut
348 819 389 886 ad
404 839 567 884 summum
590 823 778 903 emergeret
801 817 923 895 locum,
939 837 1037 902 quem
1052 837 1171 883 revera
1195 835 1254 883 sua
1276 837 1351 904 spes
1378 836 1444 882 non

204 919 339 997 fefellit,
355 921 473 1004 quippe
487 917 543 983 ille
556 916 697 982 fortunae
712 915 799 980 filius

456 1090 471 1126 a
494 1111 550 1126 ...
571 1073 661 1143 pascit
673 1088 739 1127 aves
752 1073 781 1126 in
794 1088 875 1126 cruce
889 1088 1007 1143 magnus
1016 1071 1108 1126 homo.

490 1158 502 1212 Ι
516 1156 597 1211 modo
616 1155 754 1210 sideribus
767 1172 802 1209 ne
815 1155 912 1210 credas
927 1156 933 1209 !
947 1159 991 1211 An
1004 1155 1096 1226 potuit
1107 1157 1164 1210 fors

556 1239 674 1294 Sublimi
688 1237 777 1308 magis
790 1239 864 1292 bunc
877 1238 1057 1293 constituisse
1069 1238 1131 1292 loco
1144 1241 1159 1289 t
1174 1257 1189 1291 o
1206 1237 1217 1277 ¹

203 1417 246 1426 -
273 1380 485 1463 Quantopere
502 1385 611 1443 autem
629 1382 817 1444 contemnat
841 1379 965 1444 aulicos
977 1397 1137 1463 nusquam
1155 1379 1275 1444 clarius
1292 1378 1445 1464 patefecit

204 1476 420 1562 Pasquierius
433 1495 530 1562 quam
545 1477 609 1552 ubi,
628 1496 687 1562 per
696 1477 848 1556 ironiam,
861 1477 1039 1543 demiratur
1051 1496 1090 1543 ac
1099 1483 1208 1562 stupet
1216 1478 1249 1540 in
1260 1476 1333 1544 aula
1343 1496 1444 1542 unum

204 1577 369 1641 exsistere
382 1576 525 1641 aulicum
539 1576 594 1660 qui
617 1577 658 1640 sit
680 1581 715 1640 et
734 1576 787 1638 vir
800 1575 921 1660 probus
945 1581 979 1642 et
994 1576 1140 1641 moribus
1164 1577 1303 1661 integer.
1330 1574 1443 1640 Orem

100 1750 104 1756 ,
204 1673 428 1759 prodigiosam
442 1693 481 1740 ac
494 1675 553 1739 vix
566 1673 755 1739 credibilem
767 1678 774 1737 t

405 1845 421 1880 c
438 1828 580 1897 Insignem
593 1827 696 1896 pietate
710 1828 799 1882 virum
811 1833 839 1881 te
854 1829 943 1884 Galba
957 1828 1044 1883 credit

506 1909 622 1972 Qualem
636 1909 765 1964 viderunt
778 1911 872 1964 secula
885 1912 963 1965 nulla
976 1913 1071 1982 prius;

439 1991 574 2046 Praedicat
587 1993 647 2047 baeo
660 1993 756 2047 eadem
771 1993 858 2049 civem
871 1994 1025 2064 fortemque
1039 1994 1170 2065 piumque
1174 2033 1243 2048 .....

443 2115 497 2128 ....
516 2077 557 2130 Tu
572 2081 663 2129 mmen
677 2076 785 2130 aulicus
799 2093 840 2141 cs,
853 2092 904 2130 neo
918 2076 1022 2130 desinis
1035 2075 1142 2129 aulicus
1156 2091 1227 2129 esse.

505 2158 558 2220 Qui
573 2164 654 2228 potes
668 2175 730 2213 esse
743 2175 827 2212 senex
839 2159 947 2212 aulicus
961 2165 1044 2230 atque
1059 2160 1163 2229 probus
1176 2155 1188 2212 l

439 2239 541 2303 Pallor,
550 2256 614 2292 nam
625 2240 734 2308 justum
748 2241 822 2294 credi
836 2246 865 2294 et
877 2256 1022 2295 canescere
1036 2241 1066 2294 in
1077 2240 1152 2304 aula,

503 2322 637 2391 Majorem
650 2323 703 2377 hoc
717 2324 791 2378 omni
805 2329 833 2377 te
846 2322 911 2376 facit
924 2339 987 2377 esse
1000 2323 1054 2378 fide
1068 2341 1084 2376 ›>
1097 2322 1111 2362 ²

247 2462 374 2528 Subtile
389 2468 479 2528 certe
493 2464 683 2546 Pasquierio
699 2463 865 2547 ingenium
875 2463 937 2528 fuit
951 2462 1037 2528 etad
1050 2463 1129 2528 vitia
1144 2468 1200 2528 aut
1208 2462 1375 2527 hominum
1384 2465 1441 2526 aut

204 2564 365 2646 temporis
379 2562 523 2627 notanda
537 2568 660 2646 aptum,
676 2561 761 2646 quod
776 2569 809 2627 et
822 2561 1044 2646 indignatione
1059 2563 1234 2641 interdurn,
1249 2561 1440 2647 plerumque

203 2663 352 2728 acutiore
374 2660 498 2746 judicio
520 2659 656 2725 valeret.
686 2661 722 2725 In
749 2662 849 2726 satira
871 2659 952 2725 adeo
981 2661 1136 2745 profecit,
1165 2667 1202 2725 ut
1230 2661 1346 2726 mentis
1372 2679 1441 2724 suae

203 2760 416 2825 subtilitatem
431 2759 613 2837 exhiberet,
625 2765 729 2845 poetae
743 2779 879 2825 munere
888 2761 1094 2844 fungeretur,
1106 2779 1218 2825 sanam
1228 2761 1387 2824 rationem
1401 2777 1441 2824 ac

204 2879 314 2926 mores
329 2880 426 2925 sanos
441 2859 634 2940 vindicaret,
651 2878 789 2924 necnon
804 2866 838 2925 et
850 2860 948 2924 animi
960 2859 1052 2944 probi
1063 2859 1274 2944 spectabilem
1289 2858 1441 2943 simplici-

203 2964 305 3025 tatem
319 2965 352 3024 et
365 2957 555 3023 modestiam
569 2957 720 3024 omnibus
737 2956 944 3044 approbaret.

203 3223 265 3304 §1
269 3222 303 3286 V.
326 3255 366 3266 -
383 3221 435 3285 De
452 3217 762 3302 epiprommatibus
780 3237 871 3302 quac
887 3219 935 3285 od
957 3230 1034 3282 nes
1055 3225 1239 3296 publicos
1250 3218 1438 3300 pertineat.

245 3403 297 3466 De
317 3399 421 3466 rebus
442 3398 590 3480 publicas
610 3399 816 3475 Paschasius
848 3418 1033 3484 quanquam
1056 3398 1134 3464 felle
1156 3405 1258 3476 caret,
1282 3418 1343 3464 nec
1361 3416 1441 3463 vera

203 3517 334 3582 sempor
366 3499 465 3564 animi
492 3515 589 3562 sensa
615 3496 770 3563 audacter
803 3497 955 3582 explicat,
981 3498 1081 3562 multa
1112 3504 1221 3562 tamen
1252 3497 1328 3562 hino
1364 3496 1441 3562 inde

203 3597 340 3662 instillat
362 3617 435 3682 quae
459 3615 525 3661 non
550 3595 649 3680 longe
676 3616 696 3661 a
718 3597 818 3661 satira
846 3595 977 3674 distant,
1007 3601 1040 3663 et
1067 3598 1173 3662 civem
1199 3596 1284 3661 bono
1311 3594 1440 3681 publico

202 3696 376 3774 intentum,
391 3696 485 3760 novis
506 3693 605 3760 rebus
620 3714 659 3760 ac
670 3694 867 3760 turbulentis
882 3695 1067 3760 hominibus
1082 3694 1245 3760 infensum
1262 3695 1417 3760 indicant.
1503 3748 1506 3754 .

244 3798 295 3862 De
309 3795 423 3873 retus,
439 3801 495 3860 aut
507 3797 638 3859 omnino
653 3796 780 3871 reticet,
792 3801 849 3859 aut
863 3796 1049 3860 communia
1066 3794 1259 3880 plerumque
1269 3793 1356 3860 dicit.
1373 3795 1441 3860 Nec

205 3895 335 3969 mirum,
352 3914 452 3978 quum
468 3894 587 3958 scimus
601 3893 828 3977 Pasquierium
844 3893 915 3958 aliis
931 3896 964 3958 in
976 3893 1129 3980 operibus
1139 3893 1214 3976 quid
1224 3893 1266 3958 de
1274 3891 1442 3978 republica

204 4002 357 4060 censeret
383 3993 595 4077 expressisse,
626 3997 659 4056 et
685 3991 794 4057 latinis
821 3992 970 4057 versibus
994 3993 1196 4076 potissimum
1219 3991 1381 4056 studuisse
1406 3998 1441 4056 ut

204 4095 348 4159 animum
383 4090 742 4157 acircumsonantibus
787 4091 942 4174 procellis
981 4097 1146 4156 avocaret.
1184 4089 1346 4175 Quidquid
1378 4095 1439 4164 est,

203 4189 454 4256 desiderandum
477 4193 567 4253 certe
583 4193 633 4252 est
647 4188 813 4253 hominem
830 4191 885 4273 qui
898 4194 947 4254 tot
969 4196 1002 4254 et
1029 4189 1127 4254 tantis
1140 4188 1268 4254 casibus
1294 4188 1441 4274 proxime

203 4289 354 4362 adfuerit,
380 4289 407 4352 si
429 4307 496 4352 non
509 4287 705 4363 interfuerit,
725 4289 817 4371 quasi
833 4306 876 4351 ex
888 4288 1053 4372 proposito
1079 4305 1134 4352 res
1161 4306 1295 4372 magnas
1312 4286 1440 4353 silentio

204 4387 465 4474 praetermisisse,
483 4391 538 4451 aut
552 4387 676 4450 incerta
690 4385 869 4464 interdum,
889 4385 943 4452 vel
956 4385 1064 4452 fucata
1081 4385 1274 4470 prodidisse.

241 4475 355 4554 Pauca
368 4486 602 4570 epigrammata
616 4483 657 4549 de
672 4484 888 4569 praesentibus
901 4483 997 4550 factis
1012 4483 1214 4569 colligemus,
1230 4503 1302 4569 quae
1325 4485 1440 4549 messis

236 4738 246 4778 ¹
266 4741 316 4809 Ep.
331 4740 367 4802 11,
379 4740 414 4794 85
427 4739 467 4794 Do
481 4738 566 4794 Calvo
580 4737 643 4806 (Ed.
660 4736 810 4802 Petit-Pas,
824 4755 851 4808 p.
865 4736 919 4805 66).

236 4846 249 4886 ¹
266 4849 316 4918 Ep.
333 4848 354 4912 1,
367 4847 409 4902 43.
427 4846 471 4903 Ad
484 4846 647 4904 Gor-lorium.
