3614 5442
779 461 909 518 45..

224 657 359 744 perrel
382 679 401 724 a
423 660 545 738 stoicis,
570 657 666 724 vela
689 661 808 724 sanctis
832 661 910 725 viris
934 659 1065 727 distare
1091 661 1144 728 SIc
1166 680 1241 727 eum
1269 681 1336 728 non
1362 663 1462 748 pudct

222 757 385 842 praeierre
400 776 437 822 se
452 758 571 823 ceterIs
584 756 713 822 invidiae
733 776 806 822 esse
821 776 918 840 quam
932 761 1133 845 contemptui
1148 761 1173 824 ¹.
1190 759 1276 834 Quin
1293 767 1327 826 et
1349 762 1461 826 scisci-

223 859 307 922 tanti
322 855 478 922 Scacvolae
493 855 741 922 sammarthano
756 863 862 922 utram
876 859 968 941 sequi
983 859 1131 924 semitam
1154 858 1256 936 malit,
1280 859 1365 925 hanc
1387 881 1460 945 quae

224 956 375 1020 homines
390 953 431 1020 ad
445 973 589 1020 summas
609 955 719 1020 evehit
741 973 831 1040 opes,
856 973 899 1020 an
919 953 1009 1020 illam
1033 976 1105 1040 quaa
1134 955 1175 1022 ad
1202 956 1459 1024 mediocritatem

223 1052 389 1120 infelicem
404 1053 502 1130 ducit,
519 1053 642 1119 fatetur
655 1060 768 1119 noster
781 1073 817 1119 11
832 1055 1012 1139 sapientem
1025 1062 1137 1122 mente
1151 1056 1255 1141 magis
1274 1076 1371 1141 quam
1394 1059 1459 1123 vita

224 1171 317 1217 esse:

424 1275 438 1310 1
509 1257 618 1312 (trador
632 1262 693 1311 utra
707 1258 774 1310 mibi
793 1259 829 1311 sit
841 1259 949 1323 semita,
964 1258 1096 1324 Scaevola,
1110 1261 1212 1330 quaeris
1225 1257 1237 1315 1

524 1339 651 1393 Forsitan
663 1339 712 1392 illa
725 1338 803 1404 mibi,
816 1341 908 1394 forsan
924 1347 951 1393 et
963 1340 1017 1394 ista
1031 1341 1107 1395 mihi.

457 1421 508 1476 Illa
522 1421 588 1476 tacit
599 1422 706 1476 cunctis
719 1427 751 1475 ut
764 1423 842 1477 solus
856 1422 978 1476 abundet
991 1440 1108 1494 egenus,

524 1505 590 1559 Haec
604 1505 735 1558 miserum
748 1505 784 1558 ad
797 1521 920 1558 summas
933 1505 1090 1560 conciliabit
1101 1522 1178 1576 opes.
1254 1527 1258 1536 ·
1295 1503 1308 1526 ⁹

458 1587 521 1641 Non
535 1586 604 1639 11111
619 1590 672 1649 111,
686 1586 780 1656 inquis
790 1603 797 1652 ;
807 1587 882 1655 quod
895 1587 983 1640 sentis
996 1587 1039 1640 dic
1054 1586 1131 1641 mihi.
1147 1588 1230 1642 DIco:

522 1670 606 1722 Illum
619 1669 779 1735 audemus,
791 1670 842 1722 sed
853 1670 944 1738 inopis
956 1669 1031 1723 lianc
1041 1671 1210 1740 sequimur»
1222 1669 1243 1724 ¹.

267 1800 393 1866 Scimus
403 1807 512 1866 tamen
523 1802 691 1867 meliorem
707 1821 767 1866 sua
776 1800 817 1866 de
826 1820 862 1866 se
876 1802 1027 1887 opinione
1041 1803 1205 1868 exstitisse
1219 1803 1457 1886 Pasquierium‚

226 1901 331 1964 virum
342 1906 376 1964 et
385 1900 530 1964 moribus
546 1907 578 1964 et
596 1905 663 1965 tola
672 1899 803 1966 vivendi
813 1901 941 1966 ratione
950 1901 1037 1966 haud
1046 1901 1215 1986 indignum
1225 1904 1279 1986 qui
1288 1900 1359 1966 aliis
1367 1909 1459 1967 recta

226 2000 299 2062 vitae
328 2005 493 2084 praecepta
527 1999 684 2064 traderet.
725 1999 807 2065 Sunt
839 2001 925 2064 enim
953 2003 986 2064 in
1012 2000 1308 2086 Epigrammatibus
1337 2003 1460 2066 Inserta

227 2097 373 2182 quaedam
383 2100 557 2183 poematIa,
568 2118 641 2182 quae
650 2099 678 2162 si
688 2099 859 2183 exceperis
867 2107 964 2182 atque
974 2101 1007 2163 in
1015 2101 1459 2185 unumcoegeriS‚Epitomen

227 2195 397 2280 quamdam
421 2196 461 2261 de
486 2195 624 2273 Officiis,
640 2195 836 2280 perbrevem
859 2215 950 2274 sane,
970 2197 1028 2262 sed
1052 2198 1141 2262 succi
1164 2198 1294 2283 plenam
1310 2197 1456 2263 habebis.

227 2295 306 2370 Quae
324 2295 494 2360 sentcntiae
509 2294 623 2371 fortes,
640 2313 740 2373 sanae,
756 2301 868 2372 rectae,
887 2295 997 2360 libello
1010 2297 1128 2382 saepius
1143 2299 1275 2362 insulsis
1295 2296 1458 2362 blanditiis

226 2400 378 2480 corrupto
392 2413 543 2479 saporem
557 2393 692 2458 addunt.

265 2493 381 2558 Nonne
409 2491 516 2576 ampla
542 2490 672 2575 quidem
696 2497 729 2557 11
750 2492 815 2557 alta
837 2493 970 2558 vivendi
998 2495 1092 2572 ratio,
1117 2514 1155 2560 ac
1172 2514 1252 2560 vere
1266 2494 1457 2580 philosopho

224 2590 321 2676 digna
334 2591 397 2656 hoc
412 2591 645 2674 epigrammate
660 2591 848 2656 continetur
868 2590 880 2655 l

414 2745 429 2782 c
448 2729 583 2799 Spernere
597 2729 718 2794 divitias,
733 2746 766 2782 ex
781 2746 811 2784 se
825 2730 955 2799 pendere,
970 2747 1022 2785 nec
1035 2730 1114 2786 aulas

513 2813 648 2866 Fumosae
660 2828 816 2882 procerum,
830 2813 867 2864 mi
882 2812 1010 2878 Lodoice,
1029 2816 1126 2884 sequi;

447 2894 617 2948 Posthabitis
630 2894 744 2964 reliquis
756 2894 852 2948 vlrtuti
865 2895 1023 2949 incumbere
1037 2900 1137 2960 totum,

505 2976 621 3030 Ludicra
635 2992 686 3029 nec
699 2975 776 3045 vulgi
790 2977 861 3030 ferre
875 2976 982 3030 theatra
996 2977 1083 3032 levis:

448 3059 514 3112 Haec
527 3058 551 3112 si
564 3064 594 3112 111
608 3064 732 3128 praestes
747 3059 808 3125 (sed
821 3075 870 3112 cur
886 3075 952 3125 non,
965 3059 1083 3129 Regula,
1097 3066 1221 3130 praestes
1235 3056 1257 3126 1)

504 3140 603 3195 Tutius
616 3147 643 3194 et
656 3156 752 3210 regno,
770 3141 867 3210 Regio,
881 3140 968 3211 majus
981 3141 1067 3196 hahes
1081 3160 1096 3194 »
1110 3143 1130 3194 3.

263 3271 364 3347 nilus,
382 3277 476 3356 pater
488 3278 643 3349 attentus,
664 3273 785 3357 optima
798 3271 895 3338 affert
912 3273 954 3338 de
976 3273 1042 3338 vita
1064 3273 1210 3352 consilia,
1235 3277 1399 3360 praeprue
1422 3276 1456 3339 in

222 3367 367 3452 epistolis
382 3368 407 3445 ⁶,
425 3368 483 3433 sed
502 3369 581 3434 11111
594 3370 775 3454 poematiis.
791 3407 832 3418 -
848 3371 901 3437 Sic
924 3372 1130 3436 Theodorum
1152 3381 1263 3439 monet
1278 3381 1314 3438 ut
1328 3373 1456 3439 dividas

222 3485 284 3530 nec
299 3473 442 3551 spernat,
460 3486 522 3533 nec
534 3468 607 3552 plus
623 3488 716 3551 aequo
728 3470 960 3554 amplectatur:

487 3632 502 3667 «
520 3616 562 3669 Tu
576 3615 627 3668 tibi
640 3615 751 3670 divItias
766 3622 865 3672 utnon
879 3619 1030 3673 moriturus
1043 3620 1163 3675 habeto:

582 3696 658 3749 Idem
672 3697 781 3752 divitias
794 3703 827 3752 ut
834 3699 985 3753 moriturus
998 3700 1069 3754 habe
1082 3717 1097 3754 »
1110 3702 1131 3754 ⁵.

252 3944 263 3982 ¹
282 3941 376 4030 Epigr.
391 3943 438 4006 VI,
451 3942 494 3997 56.
510 3974 541 3981 -
558 3942 600 3997 Cf.
617 3944 648 3997 T.
662 3944 698 4007 II,
712 3961 740 4014 p.
754 3945 812 3998 934.
829 3961 844 3998 <c
855 3944 950 4014 Stepb.
967 3945 1119 4015 Pasquierii
1133 3944 1336 4016 Epitaphium»

484 4072 498 4108 «
517 4057 547 4110 Id
561 4059 684 4111 solemne
699 4059 766 4112 mihi
780 4059 865 4112 statui
880 4059 1027 4129 despectus
1043 4065 1073 4112 ut
1089 4065 1163 4113 esset

567 4140 601 4194 Et
615 4141 712 4210 procul
726 4158 742 4194 a
757 4142 838 4195 nohis
852 4147 879 4194 11
893 4143 990 4211 procul
1004 4142 1125 4196 invidia:

519 4222 594 4275 Inter
609 4228 757 4294 utrumque
771 4223 811 4277 fui
825 4223 964 4278 medius...
984 4241 1008 4278 ›>.

251 4344 264 4383 ²
282 4344 376 4414 EpIgr.
391 4345 436 4400 IV.
450 4345 492 4400 27.
504 4376 535 4384 -
546 4348 614 4402 Rem
625 4348 749 4400 eamdem
759 4346 872 4402 Gallicis
886 4347 1012 4401 versibus
1021 4348 1104 4403 vertit
1117 4347 1303 4417 Pasquierius.
1318 4348 1350 4403 V.
1361 4365 1376 4400 «
1385 4348 1455 4401 Jeux

219 4427 365 4498 poetiques
379 4445 405 4491 1,
420 4430 468 4482 111⁶
481 4429 579 4499 partie,
594 4430 698 4484 Sonnet
714 4431 741 4485 X
755 4431 797 4497 (T.
812 4431 847 4494 II,
860 4447 887 4499 p.
901 4430 971 4496 876).

252 4518 266 4558 3
282 4517 375 4588 Epigr.
390 4520 438 4584 III,
451 4520 493 4575 50.
508 4521 551 4574 Ad
565 4520 715 4574 lodoicum
729 4520 834 4590 Regale
848 4521 914 4587 (Seu
928 4521 1056 4589 Regium.
1071 4551 1103 4560 -
1121 4521 1171 4576 Ed.
1188 4521 1273 4588 1618).

223 4648 227 4652 -
253 4610 265 4649 t
281 4612 314 4664 V.
338 4612 455 4665 Lettres.
476 4612 536 4675 VII,
561 4612 593 4676 13
618 4612 669 4674 IX,
690 4613 717 4675 2,
739 4611 772 4676 6;
792 4612 829 4674 X,
846 4610 881 4676 3;
900 4611 950 4674 XI,
966 4612 993 4675 3,
1010 4613 1037 4673 5,
1055 4613 1088 4676 93
1110 4611 1183 4676 XIV,
1205 4612 1238 4677 63
1265 4611 1340 4676 XVI,
1366 4613 1392 4677 4,
1419 4613 1454 4679 53

219 4694 311 4757 XXII,
330 4693 371 4756 10,
388 4693 429 4747 11.
538 4737 542 4744 .

251 4784 264 4824 ⁵
281 4784 377 4856 Epigr.
393 4785 429 4848 Π,
441 4784 486 4840 88.
