3614 5442
834 463 964 517 -44-

282 661 503 748 quaerendam
526 679 600 726 esse
616 679 710 746 qnam
722 681 765 725 ex
773 659 1080 746 EpigrammatibuS,
1094 661 1222 746 queenil
1236 661 1324 727 aliud
1333 669 1409 728 sunt
1418 681 1515 748 quam

281 781 377 846 nugae
392 767 426 826 et
437 761 525 825 inter
536 779 592 826 res
605 761 709 826 serias
723 759 970 825 oblectamenta.

322 861 358 925 ln
381 859 599 942 philosophia
626 859 757 944 quidem
787 864 911 938 noster,
940 877 1125 942 quanquam
1157 877 1218 924 nec
1254 864 1417 940 veterum,
1452 881 1516 928 nec

280 959 500 1024 recentiorum
534 959 634 1024 libros
669 958 844 1043 ignoravit,
879 976 990 1023 rerum
1028 963 1139 1022 tamen
1182 977 1244 1022 usu
1276 961 1383 1042 potius
1416 965 1515 1044 atque

280 1057 447 1122 hominum
461 1057 658 1122 commercio
672 1057 820 1131 edoctus,
835 1056 995 1121 rationem
1007 1056 1153 1140 proiecto
1178 1055 1218 1122 de
1241 1056 1341 1121 rebus
1363 1057 1516 1124 humanis¹

281 1154 341 1220 sibi
354 1156 517 1242 propriam
532 1155 750 1235 formaverat;
767 1153 824 1220 sed
838 1154 939 1219 multo
949 1154 1052 1238 magis
1062 1173 1136 1219 sese
1146 1155 1346 1239 applicuerat
1364 1156 1405 1220 ad
1425 1155 1514 1222 illam

280 1255 451 1338 Sapientiae
466 1261 591 1339 partem
618 1275 690 1338 quae
705 1253 746 1319 ad
766 1251 987 1318 informandos
1011 1271 1120 1318 mores
1138 1255 1289 1337 pertinet.
1316 1253 1397 1329 Quae
1423 1257 1515 1341 prior

280 1371 356 1437 pars
369 1354 507 1438 inceptae
521 1353 707 1437 quaestionis
724 1353 801 1417 mihi
816 1353 889 1417 erit.

321 1453 399 1518 Inde
413 1452 453 1518 ad
467 1453 672 1537 rolipioococ
686 1453 842 1527 transib0‚
859 1471 956 1536 quam
970 1453 1027 1516 vix
1039 1472 1059 1517 a
1072 1451 1280 1537 Philosophia
1302 1454 1513 1537 Pasquierius

279 1549 481 1636 sejungebat.
499 1551 635 1628 Quando
650 1553 735 1616 enim
754 1569 806 1616 res
821 1553 992 1615 universas
1006 1551 1139 1635 propius
1153 1551 1355 1636 inspiciebat,
1382 1554 1513 1619 univer-

279 1669 348 1713 sam
362 1667 471 1714 rerum
485 1651 644 1714 rationem
657 1650 691 1712 in
705 1651 773 1714 Deo
787 1648 943 1713 residere·
958 1647 1054 1713 lacile
1067 1648 1358 1726 animadvertebat,
1372 1649 1512 1736 ideoque

278 1746 410 1832 regulas
439 1745 570 1812 vivendi
594 1751 701 1811 certas
734 1765 968 1831 mansurasque
1003 1765 1022 1812 a
1052 1745 1213 1832 religione
1244 1748 1408 1814 ducendas
1438 1770 1513 1816 esse

278 1843 423 1908 rebatur.
479 1887 483 1893 -

319 2006 501 2074 Rationem
540 2009 768 2090 philosophice
811 2015 934 2074 certam
986 2007 1231 2093 doctrinamque
1272 2009 1452 2076 absolutam
1493 2032 1513 2076 a

278 2106 467 2190 Pasquierio
481 2108 615 2190 exigere
634 2108 791 2191 injustum
813 2108 910 2185 iuret,
936 2109 1089 2192 quoniam
1113 2107 1168 2172 ille
1192 2107 1231 2172 ad
1254 2127 1308 2172 res
1330 2111 1416 2194 ipsas
1438 2129 1511 2175 sese

278 2207 458 2287 praesertim
481 2205 633 2290 applicuit
658 2213 691 2271 et
712 2207 763 2271 vir
785 2225 865 2272 vere
894 2207 988 2291 agilis
1013 2208 1147 2272 exstitit.
1173 2207 1349 2272 Variarum
1372 2206 1513 2292 philose

277 2303 415 2388 phorum
428 2303 670 2390 disciplinarum
686 2306 772 2370 haud
789 2309 934 2390 ignarus,
951 2306 1029 2371 alias
1045 2326 1087 2371 ex
1109 2305 1179 2370 aliis
1199 2307 1385 2378 ¹sententias
1408 2307 1508 2383 ducit,

248 2470 251 2475 ,
277 2401 365 2466 unde
397 2403 535 2468 mediam
566 2403 738 2487 quamdam
768 2410 801 2468 et
822 2406 898 2469 vitae
921 2404 1033 2469 utilem
1057 2404 1292 2489 philosophiam
1315 2406 1375 2469 sibi
1405 2405 1509 2490 fingit.

277 2501 511 2584 Deprehendas
521 2505 606 2566 enim
617 2503 649 2565 in
660 2502 956 2586 Epigrammatibus
967 2502 1222 2587 quaeadmorum
1233 2510 1337 2568 artem
1347 2508 1512 2590 pertinent

277 2600 340 2665 alia
355 2621 427 2684 quae
445 2601 682 2685 Epicureorum
706 2601 909 2686 disciplinam
932 2601 1095 2680 redolent,
1119 2623 1185 2667 non
1209 2603 1296 2668 illam
1320 2604 1449 2670 mollem
1478 2611 1512 2670 et

277 2700 458 2785 vulgarem,
488 2701 546 2766 sed
577 2720 688 2766 veram
710 2707 749 2766 ‘et
777 2702 950 2778 sinceram,
975 2721 1039 2784 qua
1059 2701 1158 2765 animi
1181 2701 1220 2766 ad
1243 2701 1413 2767 toleranda
1435 2704 1510 2768 vitae

276 2799 362 2864 mala
393 2799 512 2884 optime
539 2799 786 2865 confirmantur.
803 2800 904 2866 Plura
918 2802 1064 2885 reperias
1093 2821 1165 2885 quae
1188 2800 1402 2866 constantiam
1430 2821 1511 2867 vere

275 2903 410 2962 stoicam
439 2899 574 2983 spirant.
604 2900 716 2982 Neque
749 2901 841 2963 abest
863 2919 881 2964 a
909 2897 1021 2964 libello
1043 2897 1223 2982 Pyrrhonis
1245 2897 1302 2962 illa
1328 2917 1449 2984 anceps
1471 2918 1510 2964 ac

276 3015 433 3081 suspensa
447 2998 489 3062 de
504 3017 540 3063 re
555 2999 643 3063 omni
653 2999 764 3082 'opinio
780 2999 806 3060 ¹.

316 3105 419 3170 Recte
432 3111 540 3171 tamen
564 3105 695 3171 vivendi
719 3105 851 3190 regulas
874 3113 907 3171 et
928 3110 1090 3191 praecepta
1104 3125 1170 3170 non
1193 3106 1278 3189 apud
1300 3105 1510 3191 philosophos

275 3204 400 3286 quaerit,
428 3224 494 3268 non
523 3225 567 3270 ex
592 3205 684 3270 libris
716 3207 813 3283 eruit,
842 3203 899 3270 sed
926 3206 1042 3288 partim
1070 3204 1109 3270 ab
1136 3205 1308 3290 religione,
1336 3225 1354 3270 a
1383 3205 1509 3270 traditis

275 3301 434 3386 majorum
449 3303 606 3387 exemplis
622 3304 749 3389 partim,
766 3302 924 3388 imprimis
941 3309 974 3368 et
989 3323 1007 3368 a
1025 3323 1084 3368 sua
1098 3309 1207 3368 mente
1221 3310 1323 3383 recta,
1340 3323 1358 3368 a
1373 3323 1450 3368 sana
1475 3310 1508 3368 et

274 3397 403 3486 integra
416 3404 513 3466 animi
529 3409 645 3467 natura
663 3402 781 3466 hausit.

316 3501 406 3566 Scire
420 3500 501 3565 velis
517 3521 611 3585 quam
627 3501 688 3566 sibi
701 3503 787 3565 viam
802 3500 934 3565 vivendi
961 3501 1171 3584 Pasquierius
1195 3503 1411 3586 proposuerit,
1436 3523 1508 3586 quae

274 3605 435 3683 praecepta
462 3599 534 3664 aliis
557 3597 725 3683 sequenda
748 3598 925 3662 obtulerit?
949 3599 1228 3682 Epigrammatum
1253 3600 1354 3664 libros
1377 3600 1505 3678 evolve,

274 3699 329 3782 qui
343 3698 436 3763 labor
449 3698 534 3762 haud
549 3699 715 3782 ingratus:
728 3698 960 3762 commercium
976 3717 1052 3761 mox
1061 3697 1195 3762 habebis
1205 3719 1279 3763 cum
1293 3701 1364 3764 viro
1374 3701 1506 3784 optimo,

273 3817 379 3880 neque
407 3799 533 3874 tetrice,
571 3817 633 3862 nec
657 3816 772 3862 rursus
805 3816 904 3881 supra
931 3796 1062 3861 modum
1089 3796 1194 3875 hilari,
1226 3800 1280 3881 qui
1307 3800 1507 3883 potissimum

273 3895 506 3974 moderatione,
546 3897 728 3981 prudentia,
767 3903 801 3961 et
835 3896 1004 3961 voluntate
1050 3898 1231 3962 rectissima
1275 3897 1373 3963 valet.
1419 3896 1507 3972 Quas

273 3997 478 4062 commendat
492 3998 629 4061 virtutes
644 4002 741 4080 atque
756 3997 907 4081 capessit,
924 4016 973 4060 eae
989 4003 1065 4060 sunt
1079 3997 1176 4061 medii
1200 3996 1333 4074 ordiniS,
1350 3998 1406 4063 sed
1422 3996 1507 4062 bene

272 4103 473 4180 temperate,
491 4116 570 4179 quas
586 4114 700 4160 omnes
715 4115 780 4159 uno
796 4095 968 4172 vocabule,
986 4095 1121 4180 pulchro
1145 4095 1274 4180 quidem
1299 4116 1336 4160 ac
1360 4099 1506 4181 specioso

272 4195 412 4280 majores
427 4197 530 4259 nostri
543 4193 875 4278 comprehendebant,
888 4193 973 4277 quod
984 4193 1106 4258 Gallice
1116 4194 1259 4259 referam
1269 4200 1381 4278 utpote
1394 4196 1506 4260 Latino

272 4295 416 4359 sermoni
429 4294 673 4371 alienissimum,
691 4317 709 4353 <‹
720 4293 934 4374 prudhomic
949 4318 967 4352 ›>
984 4295 1008 4356 ².

312 4401 461 4466 Virtutes
489 4401 561 4486 plns
590 4420 687 4483 quam
716 4400 885 4476 humanas,
916 4400 1054 4465 heroum
1082 4400 1195 4484 dignas
1224 4399 1415 4479 deorumve,
1440 4421 1506 4466 non

271 4499 467 4577 mortalium,
478 4499 564 4564 haud
588 4496 718 4564 affectat
735 4505 860 4576 noster,
878 4517 987 4582 neque
1010 4498 1134 4563 dubitat
1156 4497 1252 4563 fateri
1266 4518 1302 4565 se
1321 4500 1507 4585 aliquantis·

304 4703 314 4742 1
333 4705 399 4758 Vise
411 4720 494 4774 supra
505 4721 570 4774 pag.
585 4705 625 4758 12.

304 4787 317 4827 ²
334 4788 424 4842 Verbo
438 4788 534 4841 eodem
547 4803 616 4840 usus
630 4793 674 4840 est
700 4788 746 4842 Ste
761 4789 853 4842 Beuve
885 4785 1010 4854 (Lundis,
1025 4788 1073 4847 ΙΙΙ,
1087 4804 1114 4857 p.
1128 4787 1199 4852 257).
