3614 5442
912 529 1042 585 ..32-

404 730 582 794 Avaritiam
609 727 810 794 medicorum
832 745 961 791 necnon
989 733 1023 792 et
1039 717 1275 810 ¹aegrotantium
1301 727 1464 792 sordidam
1491 731 1595 812 parci-

362 830 501 894 moniam
516 828 641 893 duobus
656 827 950 912 Epigrammatibus
963 826 1172 911 reprehendit
1187 827 1391 911 Pasquierius
1418 847 1489 911 quae
1508 829 1594 892 inter

363 930 505 1012 gratiora
520 947 646 1013 ponam.
663 926 820 991 Frontoni
835 924 960 990 medico
976 925 1136 1008 quomodo
1147 945 1206 991 sua
1220 925 1304 990 male
1313 927 1450 991 verterit
1459 927 1595 990 avaritia

357 1027 427 1112 jam
443 1046 540 1111 supra
555 1026 694 1091 vidimus
711 1027 735 1088 1.
752 1026 855 1108 Magis
868 1030 957 1088 casta
971 1029 1021 1088 est
1036 1045 1108 1108 quae
1121 1023 1161 1088 ad
1177 1025 1341 1108 parciores
1355 1042 1462 1107 aegros
1471 1029 1595 1106 spectat

362 1125 472 1192 fabula
484 1145 490 1188 :

578 1298 592 1333 «
610 1282 737 1334 iusserat
749 1285 853 1348 aegrota
866 1286 898 1332 ut
910 1279 1079 1332 medicamen
1093 1285 1214 1332 sumeret
1228 1279 1290 1333 Olla

675 1361 791 1417 Gentius
802 1378 808 1427 ;
824 1361 884 1430 ejus
897 1363 929 1414 fit
941 1361 1017 1431 potio
1031 1361 1156 1414 consilio.

609 1445 825 1515 Pharmacopoia
838 1461 928 1499 moras
941 1461 1037 1499 verum
1050 1444 1116 1498 dum
1129 1445 1214 1499 nectit
1226 1445 1333 1509 inanes,

675 1526 823 1582 Convaluit
836 1527 896 1580 solo
910 1526 1031 1580 numinis
1044 1526 1155 1580 auxilio.

609 1612 708 1679 Empta
720 1616 811 1662 autem
826 1609 879 1661 sibi
893 1625 927 1661 ne
940 1608 1042 1662 frustra
1053 1609 1189 1662 medicina
1201 1608 1312 1679 periret,

676 1691 788 1746 Sorbuit
797 1689 872 1743 hanc
885 1705 952 1743 sano
967 1705 1090 1760 corpore,
1109 1696 1136 1742 et
1149 1689 1261 1744 interiit.

611 1774 681 1828 Ollae
695 1773 735 1825 nil
748 1771 847 1825 melius
862 1771 996 1825 successit
1009 1776 1106 1835 morte,
1125 1771 1178 1824 nisi
1192 1772 1265 1840 quod

678 1857 735 1909 Hac
749 1862 881 1925 pereunte
895 1853 1005 1924 paritet
1019 1854 1152 1907 medicina
1167 1854 1249 1906 simul
1264 1871 1288 1906 p.
1302 1852 1315 1892 ²

404 2008 508 2074 Multa
526 2007 588 2072 alia
606 2012 682 2072 sunt
700 2005 739 2070 de
758 2003 891 2070 Medicis
915 2005 1149 2089 epigrammata
1172 2023 1244 2086 quae
1267 2002 1412 2067 reticebo
1436 2005 1460 2066 ³.
1487 2003 1593 2068 Unum

363 2117 471 2174 tamen
486 2126 660 2191 excerpam
687 2125 704 2170 e
728 2123 877 2181 numero,
902 2104 977 2188 quia
995 2102 1071 2167 hinc
1094 2103 1279 2167 Molierium
1308 2101 1425 2179 refert,
1454 2103 1530 2166 iude
1552 2101 1594 2167 ad

364 2206 538 2272 notandam
560 2203 649 2268 iliam
665 2204 916 2268 Calvinistarum
939 2207 1081 2287 stragem
1105 2207 1240 2285 spectat.
1265 2201 1385 2284 Agitur
1406 2199 1446 2264 de
1467 2201 1593 2266 medico

363 2305 502 2390 quodam
525 2304 578 2387 qui
605 2309 638 2368 ot
657 2304 791 2386 privatis
814 2307 847 2366 et
873 2301 1009 2386 publicis
1032 2301 1153 2366 morbis
1175 2301 1308 2383 pariter,
1334 2297 1436 2364 effuso
1460 2319 1591 2377 cruore,

363 2404 502 2469 consulit
514 2423 520 2466 :

543 2587 557 2619 «
580 2608 654 2621 .....
660 2569 721 2622 Non
737 2567 792 2620 ulla
807 2575 849 2619 est
864 2566 998 2619 medicina
1012 2565 1061 2618 tibi
1074 2582 1156 2634 quam
1171 2566 1256 2619 sectio
1277 2582 1369 2619 venae:
1447 2561 1449 2566 ’

644 2650 697 2704 Hic
711 2649 819 2712 moduS,
833 2649 893 2702 baec
906 2649 1009 2702 morbis
1024 2664 1078 2700 una
1092 2647 1198 2701 medela
1211 2649 1277 2701 tuis.

578 2734 606 2788 Si
620 2733 687 2802 quid
700 2733 769 2786 forte
784 2732 865 2784 ctiam
879 2731 983 2802 patitur
996 2747 1040 2784 res
1054 2731 1164 2800 publica
1177 2729 1279 2793 damni,

642 2818 705 2870 Non
719 2815 798 2868 aliter
811 2815 907 2877 sarcis,
921 2814 1050 2878 Maxime,
1065 2831 1146 2883 quam
1161 2813 1261 2882 gladio.

576 2899 674 2954 Omnia
687 2898 811 2953 consiliis
825 2899 913 2966 agitas
926 2897 1070 2966 volvisque
1084 2897 1215 2959 cruentis

634 2985 678 3036 ‘nt
691 2981 740 3034 tibi
755 2981 778 3034 si
792 2997 845 3050 qua
859 2982 945 3043 salue,
960 2979 1173 3050 sanguinolenta
1182 2979 1268 3033 salus.

577 3067 626 3119 Vis
641 3064 700 3127 tibi,
715 3065 757 3118 vis
772 3064 851 3118 nobis
870 3080 1003 3116 summam
1018 3062 1171 3115 instaurare
1185 3062 1312 3124 salutem,

644 3149 694 3201 Vis
708 3148 803 3200 itidem
817 3147 913 3216 patriae
927 3143 939 3199 i
953 3147 995 3198 fac
1009 3146 1057 3198 tibi
1072 3146 1144 3215 quod
1160 3147 1263 3198 Seneca
1278 3163 1301 3197 ›>.
1316 3145 1328 3184 Ι

406 3291 447 3356 Ut
469 3289 509 3354 de
523 3287 655 3354 medicis
677 3288 870 3353 concludam
894 3295 927 3352 et
950 3263 1083 3371 pergam
1106 3286 1146 3351 ad
1163 3285 1293 3370 judices
1314 3285 1484 3349 transitum
1507 3285 1594 3349 ultro

367 3387 463 3454 offert
477 3388 689 3472 Pasquierius
703 3388 873 3452 versiculis
887 3387 994 3451 hisce:

543 3579 558 3612 «
576 3559 676 3630 Aspice
691 3575 740 3612 seu
754 3558 865 3620 Medici,
880 3575 929 3611 seu
943 3575 1027 3612 vanas
1042 3558 1171 3613 Rhetoris
1184 3564 1268 3620 arteS,

643 3643 775 3705 Scaevola,
790 3641 877 3694 multa
891 3641 991 3710 quibus
1005 3641 1223 3703 consimilentur,
1238 3641 1349 3694 habent.
1362 3679 1411 3692 ....

581 3725 747 3777 ....Multos
761 3723 883 3794 quotidie
897 3724 908 3762 5
920 3723 1090 3777 Medicorum
1105 3725 1184 3776 turba
1197 3723 1325 3787 trucidat,

643 3807 763 3861 Perdidit
777 3813 804 3860 et
818 3807 920 3859 multos
934 3807 1020 3859 altera
1034 3807 1113 3859 turba
1126 3822 1188 3859 reos
1203 3823 1226 3857 ».
1241 3804 1252 3843 ⁶

409 3966 623 4042 Cousr'dicoS,
650 3965 789 4031 Judz'cea
813 3971 845 4030 et
867 3970 1011 4030 ceteram
1037 3963 1203 4029 forensem
1224 3969 1365 4048 gentem,
1392 3982 1455 4046 quo
1480 3960 1595 4025 melius

362 4067 466 4132 noscit
480 4083 519 4130 eo
535 4064 627 4149 pejus
642 4065 768 4129 multat.

394 4329 405 4368 1
419 4329 489 4384 Vide
503 4345 587 4399 supra
600 4346 663 4399 pag.
678 4328 719 4382 25.

394 4419 406 4458 ²
418 4421 453 4483 V,
465 4419 509 4483 20,
523 4419 552 4473 in
566 4419 664 4474 Ollam.

394 4511 406 4551 ³
423 4512 465 4566 cf.
485 4513 535 4580 Ep.
550 4511 573 4574 Ι,
585 4511 630 4574 23,
644 4511 679 4576 II,
692 4510 736 4576 20,
750 4513 802 4564 etc.

395 4599 463 4654 ⁴Cf.
483 4602 533 4670 Ep.
549 4602 571 4663 1,
584 4601 627 4655 25.
646 4599 689 4654 Ad
702 4600 863 4654 Maximum.
882 4629 913 4640 —
936 4600 997 4654 vid,
1021 4598 1137 4670 Epistol.
1162 4600 1202 4662 tt,
1218 4599 1281 4652 libri
1300 4599 1379 4662 XIX,
1397 4599 1469 4653 unde
1487 4605 1596 4654 constat

362 4683 414 4736 huc
429 4683 625 4753 epigrammate
635 4689 663 4736 et
676 4683 878 4737 cancellarium
888 4683 1015 4750 Birague,
1028 4688 1054 4735 et
1065 4682 1199 4736 medicum
1208 4681 1279 4750 ejus,
1290 4683 1389 4736 Boutul
1398 4683 1519 4746 nominc,
1529 4683 1596 4753 peti.

393 4771 404 4812 ὅ
423 4773 552 4834 Quotidie
565 4789 615 4844 pro
629 4773 761 4842 qtiotidte.

393 4861 406 4902 ⁶
423 4864 471 4928 III,
484 4864 526 4918 23.
541 4863 585 4918 Ad
599 4864 750 4919 Scaevolam
765 4863 1012 4920 sammarthanum.
