3614 5442
902 522 1033 577 -16..

351 718 495 784 monium
521 738 540 782 a
567 717 705 803 conjuge
731 724 943 804 assumptam.
970 720 1041 784 Hoc
1067 727 1116 785 est
1140 722 1341 806 epigramma
1369 723 1456 810 qnod
1481 725 1593 792 latino

350 837 501 883 sermone
514 817 697 896 tolerabile,
715 818 840 884 Gallico
856 824 965 883 antem
980 819 1050 884 fere
1064 819 1259 886 inurbanum
1274 822 1415 888 videtur:

579 989 594 1024 <r
612 975 775 1043 AEquaevam
792 971 860 1026 mihi
878 978 905 1026 te
919 989 1013 1026 narras
1031 975 1181 1044 ambosque
1197 978 1249 1030 suh
1264 994 1319 1032 uno

680 1056 771 1110 Vitam
785 1055 898 1108 sortitos
912 1055 1045 1125 temporis
1059 1056 1184 1111 articulo.

613 1139 719 1192 Siccine
732 1138 789 1190 fata
801 1134 920 1193 volunt?
934 1145 963 1191 at
975 1143 1006 1193 tn
1020 1141 1044 1192 si
1058 1157 1122 1194 uera
1136 1157 1274 1207 recenses,

669 1221 741 1274 Hui!
756 1226 859 1291 quanto
873 1237 999 1291 superas,
1013 1221 1060 1275 lux
1073 1240 1143 1286 mea,
1158 1241 1201 1277 mo
1215 1225 1292 1278 senio
1304 1227 1309 1276 1
1326 1244 1341 1278 »
1354 1225 1374 1279 1.

390 1355 458 1420 Illis
472 1354 512 1419 do
526 1373 629 1418 uxore
642 1353 788 1418 dicteriis
799 1352 896 1419 fidem
906 1374 1005 1439 parce
1019 1356 1173 1422 adhibere
1188 1358 1293 1439 decet,
1305 1361 1423 1445 quippe
1434 1380 1590 1446 comper·

350 1461 417 1518 tum
434 1453 591 1518 habemus
606 1452 821 1535 Pasquerium
833 1454 980 1518 maritam
990 1456 1152 1520 constanti
1166 1477 1276 1523 amore
1287 1478 1325 1523 33
1335 1461 1588 1543 piareverentia

348 1552 430 1618 adeo
445 1557 664 1637 prosecutum,
681 1556 713 1613 ni
730 1551 848 1614 melius
865 1552 899 1614 in
916 1557 984 1615 toto
1007 1572 1109 1638 regno
1132 1556 1318 1640 conjugium
1341 1558 1467 1623 nullum
1484 1559 1588 1624 exsti-

349 1645 424 1719 lerit
438 1653 463 1714 ².
491 1648 559 1715 Illae
577 1654 654 1713 sunt
678 1667 777 1713 merae
801 1647 948 1728 lacatiae,¹
961 1651 1029 1734 Joei
1053 1654 1144 1731 meri,
1166 1674 1247 1738 quos
1271 1656 1432 1721 tolerabat
1455 1659 1585 1741 priscus

254 1839 255 1844 ἵ
348 1773 420 1817 mos
448 1749 619 1834 majorum,
653 1767 714 1812 nec
741 1748 918 1832 respuebat
945 1749 1053 1815 latinae
1085 1751 1204 1836 linguae
1243 1761 1276 1818 et
1304 1758 1427 1820 romani
1458 1757 1585 1839 ingenii

348 1851 481 1917 lascivia
499 1855 532 1914 et
546 1848 637 1932 quasi
653 1848 796 1911 amarior
812 1847 969 1913 hilaritas

389 1950 522 2016 Amicis
563 1948 664 2011 multa
701 1948 910 2029 Pasquierius
948 1950 1192 2034 epigrammatia
1235 1953 1424 2038 inscripsit,
1469 1955 1583 2020 amicis

347 2050 539 2135 praesertim
555 2047 746 2131 quibuscum
761 2048 925 2112 communi
938 2047 1119 2114 litterarum
1134 2071 1245 2117 arnore
1255 2055 1357 2138 magis
1369 2074 1464 2138 qnam
1476 2057 1582 2138 quoti-

348 2150 442 2214 diana
474 2147 658 2212 familiarite
693 2153 871 2210 teneretur.
910 2147 1072 2214 Nonnulla
1104 2151 1247 2216 eminent
1273 2154 1405 2217 nornine
1434 2153 1580 2216 virorum

348 2249 533 2324 illustrium,
548 2247 577 2312 J.
605 2245 730 2316 Aerati.
754 2245 791 2309 P.
822 2246 994 2324 Ronsardi,
1019 2249 1221 2327 Euclionem,
1247 2251 1299 2314 Sc.
1328 2251 1578 2329 Sammarthani,

292 2390 293 2394 =
346 2350 413 2415 Jos.
435 2347 604 2431 scaligeri,
639 2346 706 2409 Nic.
733 2345 862 2428 Rapini,
887 2345 970 2409 Phil.
998 2349 1141 2423 Portani,
1171 2370 1243 2432 quae
1270 2370 1420 2435 magnam
1448 2353 1578 2416 lectoris

349 2449 626 2532 exspectationem
641 2450 786 2508 movent.
802 2443 928 2508 Credas
943 2447 1029 2510 enim
1044 2447 1084 2512 de
1099 2448 1197 2512 tantis
1211 2449 1290 2512 uiris
1303 2449 1382 2513 nihil
1401 2450 1465 2514 dici
1483 2470 1579 2534 posse

348 2547 433 2632 quod
446 2565 512 2610 non
526 2550 690 2612 arrectum
704 2543 842 2626 legentis
870 2545 1013 2608 animum
1032 2551 1152 2610 teneat.
1169 2546 1293 2630 Saepius
1316 2555 1426 2613 tamen
1449 2569 1486 2614 re
1504 2570 1579 2634 spes

347 2647 444 2729 longe
460 2644 631 2729 decipitur,
647 2662 709 2706 nee
733 2640 906 2724 quidquam
921 2646 1066 2727 reperire
1085 2651 1135 2709 est
1157 2648 1189 2709 in
1212 2648 1281 2712 istis
1303 2646 1578 2731 superfluentibus

347 2745 531 2814 versiculis,
548 2748 666 2826 praeter
680 2760 782 2825 nugas
797 2740 882 2805 haud
902 2740 1060 2825 illepidas,
1077 2743 1252 2808 verborum
1280 2747 1416 2809 usitatos
1431 2746 1576 2822 tinnitus,

347 2844 393 2908 nil
422 2862 500 2908 vero
523 2843 556 2907 in
578 2840 727 2905 laudibus
749 2846 874 2904 cerium
895 2859 934 2905 ac
956 2841 1124 2906 laudandis
1151 2843 1230 2906 viris
1253 2845 1429 2927 proprium.
1454 2845 1578 2908 Vitium

347 2943 488 3020 dicendi,
504 2950 593 3007 certe
608 2939 885 3024 exprobrandum,
901 2961 965 3004 non
986 2948 1095 3006 tamen
1118 2942 1309 3024 Pasquierio
1323 2942 1497 3027 peculiare,
1522 2943 1579 3007 sed

348 3042 497 3107 omnibus
511 3041 580 3104 sere
594 3041 749 3125 temporis
762 3038 848 3103 illius
862 3040 1086 3124 scriptoribus
1109 3040 1163 3102 uel
1177 3039 1301 3105 Gallico
1317 3059 1468 3106 sermone
1487 3049 1580 3106 uten-

346 3142 443 3218 tibus,
461 3159 643 3204 commune.

387 3241 563 3323 Postquam
576 3239 626 3302 13.
644 3240 803 3302 Auratum
818 3237 903 3302 haud
918 3239 1025 3322 inepte
1039 3236 1200 3302 laudarit:

643 3411 657 3445 3
676 3393 806 3448 Scribant
820 3393 940 3446 carmina
954 3393 1037 3446 ceteri
1050 3399 1150 3462 poetae,

677 3477 805 3529 Summos
817 3481 845 3528 at
858 3475 923 3528 facit
936 3492 1008 3528 rinus
1022 3475 1066 3526 hic
1079 3481 1175 3544 poetas
1191 3493 1223 3541 »;
1239 3475 1250 3514 ³

346 3608 435 3673 dicas
462 3628 536 3672 eum
565 3607 643 3672 lacti
669 3607 870 3691 poenituisse,
900 3607 954 3688 qui
978 3624 1057 3668 mox
1084 3604 1124 3669 ad
1155 3605 1266 3669 solitas
1295 3606 1470 3669 sorborum
1498 3626 1580 3690 prae-

346 3710 457 3792 stigias
472 3707 628 3790 coniugii,
645 3713 689 3782 et,
710 3711 745 3769 ut
763 3703 913 3769 eumdem
926 3703 1087 3768 eruditum
1100 3706 1206 3768 virum
1226 3703 1348 3782 landet,
1366 3703 1440 3768 talin
1455 3705 1578 3769 Phoebo

346 3803 510 3892 subjicere
524 3826 591 3869 non
605 3805 748 3870 dubitat:

609 3976 624 4010 c
638 3959 749 4011 Aureus
761 3957 846 4020 haud,
864 3973 959 4011 verum
973 3959 1088 4011 laurenc
1103 3962 1163 4010 esto
1177 3955 1244 4009 mibi
1256 3973 1271 4010 »
1285 3957 1305 4009 1.

377 4198 388 4238 1
523 4201 528 4215 ·
549 4238 554 4249 .

376 4291 389 4330 ²
404 4201 498 4344 11111Ἰ
513 4198 550 4353 (ld,
565 4289 615 4343 878
628 4304 642 4339 c
659 4285 753 4356 Elegio
768 4289 784 4340 a
798 4303 828 4340 sa
842 4288 941 4340 femme
955 4304 979 4338 ».
994 4317 1026 4326 -
1044 4287 1078 4339 ef.
1094 4285 1223 4355 Epitaph.
1246 4285 1295 4337 lib.
1320 4284 1380 4350 (Ed.
1406 4285 1489 4350 1618).
1505 4284 1578 4353 Epit.

346 4376 393 4428 115
408 4379 435 4426 et
452 4374 507 4427 116.
523 4390 537 4424 3
553 4371 704 4426 Franciscae
719 4370 834 4423 Bellinae
849 4370 948 4425 Uxoris
964 4386 988 4422 3.
1005 4369 1038 4421 31.
1053 4370 1123 4422 Len.
1138 4369 1161 4431 I,
1174 4370 1191 4420 9
1204 4398 1235 4406 -
1251 4369 1299 4422 111.
1315 4368 1348 4421 11.
1365 4398 1395 4405 -
1410 4369 1449 4420 De
1472 4367 1579 4420 domos-

345 4457 406 4510 tiois
421 4456 572 4524 Pasquierii
588 4453 748 4516 virtutibus
764 4468 853 4521 comp.
868 4454 897 4505 L.
914 4451 1047 4518 Fougere,
1063 4468 1089 4520 p.
1104 4450 1180 4504 CXII
1195 4467 1236 4519 sq.
1324 4514 1325 4520 ¹

376 4547 388 4585 3
406 4548 455 4615 Ep.
471 4548 492 4611 l,
507 4547 546 4600 15.

377 4637 389 4678 l
407 4640 455 4707 Ep.
472 4639 506 4702 ll,
520 4637 562 4690 29.
579 4636 620 4690 os.
636 4634 834 4697 11,12deJ0s.
850 4632 1006 4701 scaligero:
1177 4697 1182 4706 1

1027 4715 1041 4750 «
1059 4697 1202 4751 Venientra
1215 4695 1316 4762 saecla,
1330 4697 1345 4750 J
1348 4694 1460 4764 osephe,

794 4783 943 4852 aliperum
956 4782 1048 4835 dicent
1061 4798 1143 4851 quem
1156 4779 1237 4833 modo
1252 4779 1430 4848 Scaliperum
1444 4795 1468 4830 ».

378 4853 419 4907 cf.
435 4853 469 4916 ll,
484 4852 534 4918 43;
548 4851 595 4916 Vl,
609 4851 651 4905 59.
