3614 5442
764 441 896 494 ..57-

204 637 282 720 quid
307 638 417 703 refert
442 637 455 702 f
496 638 703 704 Manifestum
731 643 781 703 est
812 637 1021 704 Paschasium
1044 657 1063 704 a
1085 639 1213 705 sincera
1235 637 1403 717 latinitate,
1427 659 1445 704 a

202 755 324 803 severa
351 740 563 823 grammatica
591 737 799 812 discessisse;
829 739 944 822 quibus
969 745 1076 804 tamen
1092 739 1217 804 mendis
1239 745 1399 823 poemata,
1419 741 1447 802 si

202 836 281 919 quid
297 837 489 904 detrimenti
512 838 653 922 capiunt,
681 848 746 901 non
770 839 903 902 omnino
927 837 1189 922 pessumdantur.
1216 837 1320 923 Culpa
1336 827 1468 902 tamen'

201 936 291 1000 unde
311 944 387 1002 orta
401 939 443 1001 sit
457 936 483 1002 si
502 938 588 1002 scire
607 938 701 1015 velis,
719 956 784 1001 non
799 939 1020 1021 ignorantiam
1034 938 1096 1002 viri
1119 957 1250 1022 argues,
1268 944 1303 1002 ut
1318 939 1443 1024 opinor,

199 1034 258 1099 sed
286 1042 322 1100 et
361 1038 463 1121 ipsam
498 1035 619 1119 linguae
654 1036 888 1120 experientiam
923 1038 975 1100 cui
1006 1037 1140 1100 niarium
1183 1035 1377 1114 confidebat,
1414 1043 1444 1102 et

200 1134 376 1198 scribendi
390 1134 563 1218 quamdam
579 1135 820 1200 festinationem
834 1135 1009 1200 incusabis.

243 1235 378 1299 Vitium
394 1242 502 1300 autem
518 1241 578 1312 est,
594 1254 659 1298 non
673 1237 741 1319 pari
765 1235 968 1320 indulgentia
989 1234 1226 1312 excusandum,
1244 1235 1329 1318 quod
1343 1241 1445 1299 totum

202 1352 287 1417 opus
302 1333 441 1400 latinum
464 1335 645 1418 Pasquierii
661 1333 760 1408 laedit,
786 1352 892 1417 neque
914 1335 1009 1398 otiam
1033 1334 1074 1399 ab
1097 1334 1225 1417 optimis
1244 1334 1446 1418 poematibus

200 1433 310 1498 abest.
331 1433 519 1500 Sota'bendt'
534 1453 657 1516 stampe
670 1452 779 1518 penus
794 1434 891 1498 habet
906 1440 1019 1500 noster
1035 1453 1100 1498 non
1118 1440 1300 1518 promptum
1321 1436 1399 1499 satis
1415 1441 1447 1500 et

199 1528 381 1614 liquidum,
409 1551 475 1597 non
502 1532 642 1616 simplex
667 1538 700 1597 et
734 1531 890 1596 lucidum.
925 1531 1109 1598 Sententias
1138 1533 1257 1616 saepius
1294 1533 1447 1598 confusas

201 1631 348 1713 praebet,
390 1632 500 1696 verbis
543 1651 657 1715 parum
698 1631 835 1714 propriis
875 1631 1057 1713 impeditas,
1100 1650 1172 1714 quae
1212 1650 1281 1696 rem
1322 1630 1447 1698 detorta

202 1731 412 1812 exprimunt,
428 1738 483 1795 aut
504 1730 695 1814 imperfecte
712 1732 893 1808 enuntiant,
911 1737 966 1795 aut
984 1732 1081 1796 etiam
1104 1729 1148 1794 nil
1173 1733 1304 1797 omnino
1325 1730 1447 1816 signifi-

202 1834 296 1893 cant.
327 1830 415 1894 Loca
441 1828 588 1912 quaedam
618 1829 727 1892 notavi
754 1848 825 1912 quae
853 1836 1021 1913 postquam
1059 1831 1146 1893 omni
1177 1830 1272 1894 modo
1304 1833 1445 1908 versavi,

203 1927 297 1990 omni
322 1946 366 1992 ex
386 1933 475 2010 parte
498 1947 569 1991 sum
585 1946 773 2010 aggressus,
788 1926 873 1991 haud
893 1929 988 2011 plane
1012 1927 1195 2012 intelligere
1217 1930 1316 2012 potui.
1340 1931 1447 1994 Meam

203 2033 299 2090 certe
329 2027 458 2110 culpam
485 2046 559 2091 esse
587 2047 682 2110 quam
711 2028 853 2091 auctoris
880 2025 1009 2106 malim;
1036 2025 1094 2090 sed
1116 2027 1297 2111 periculum
1328 2035 1377 2092 est
1405 2048 1447 2093 ne

205 2127 357 2190 auctoris
369 2127 475 2210 potius
491 2126 586 2210 culpa
601 2127 653 2191 sit.
672 2128 682 2166 ¹

250 2225 351 2299 Quod
380 2225 605 2308 Pasquierium
630 2226 763 2309 gravius
785 2225 951 2290 insimulat
973 2225 1217 2290 obscurrimae
1240 2230 1299 2300 est,
1324 2246 1390 2290 non
1406 2247 1448 2292 ex

206 2327 445 2408 cogitationum
456 2324 652 2388 sublimitate
663 2329 745 2400 orta,
762 2343 827 2387 non
837 2324 1046 2407 exaugustiis
1061 2323 1124 2387 illis
1134 2325 1250 2407 quibus
1262 2332 1446 2390 coarctatur

206 2426 264 2504 qui
291 2443 346 2488 res
369 2422 518 2488 difficiles
541 2425 596 2487 vix
622 2425 806 2506 exprimere
832 2429 948 2507 potest.
977 2422 1071 2497 Quod
1094 2422 1191 2508 longe
1209 2431 1270 2489 est.
1287 2425 1380 2488 Mera
1400 2432 1449 2489 est

207 2524 381 2608 scriptoris
404 2522 602 2607 negligentia
617 2524 671 2605 qui
686 2541 816 2606 semper
831 2528 994 2607 properat,
1009 2523 1152 2599 festinat,
1168 2542 1303 2588 securus
1316 2523 1450 2608 posthac

207 2622 439 2708 imperfectum
460 2630 493 2686 et
515 2622 688 2686 obscurum
713 2641 793 2705 opus
817 2619 970 2697 effecerit,
997 2641 1034 2685 an
1060 2623 1179 2704 optime
1202 2620 1288 2704 quod
1309 2620 1450 2686 voluerit

208 2720 399 2805 significare
418 2720 662 2804 significaverit.
679 2720 748 2783 Hac
771 2721 802 2782 in
826 2725 920 2803 parte
942 2719 1050 2803 operis
1075 2738 1189 2783 omnes
1213 2720 1282 2783 fere
1307 2721 1449 2802 aequales

208 2826 444 2904 peccaverunt,
472 2820 534 2882 riri
560 2820 697 2893 strenui,
734 2837 838 2894 acres
876 2817 1031 2881 sublimes
1066 2819 1162 2880 etiam
1197 2822 1294 2900 atque
1329 2821 1449 2903 impetn

209 2919 375 2994 valentes,
395 2938 461 2982 non
475 2925 583 2983 autem
606 2918 755 2982 industrii
772 2919 849 2982 satis
864 2918 896 2981 in
920 2916 1068 2992 dicendo,
1086 2918 1220 2980 nimium
1239 2918 1301 2982 sibi
1323 2919 1448 2996 faciles

211 3019 323 3103 ignari
350 3019 504 3102 praecepti
528 3018 615 3081 illius
641 3037 734 3102 paene
762 3017 862 3081 divini
893 3036 956 3100 quo
989 3014 1131 3090 BoloeuS,
1159 3022 1233 3099 post
1265 3017 1447 3094 Horatium,

212 3124 330 3202 poetas
340 3116 439 3201 jussit
452 3115 642 3180 difficillime
656 3114 827 3180 facillimos
842 3133 958 3179 versus
973 3113 1105 3178 cudere.

258 3215 310 3280 Ob
328 3215 420 3279 istam
443 3215 601 3278 incuriam
621 3235 692 3297 quae
715 3219 805 3278 vetat
830 3213 978 3278 homines
1002 3213 1157 3296 temporis
1182 3212 1269 3276 illins
1291 3234 1450 3278 summam

214 3335 347 3379 manum
364 3314 517 3399 operibus
530 3315 597 3378 suis
616 3315 797 3398 imponere,
814 3332 880 3376 non
895 3311 990 3375 modo
1006 3331 1086 3395 opus
1100 3310 1225 3375 nullum
1240 3311 1310 3375 fere
1324 3311 1450 3396 perfec-

216 3421 285 3478 tum
301 3414 405 3478 evasit
420 3431 438 3477 e
452 3413 633 3494 Pasquierii
648 3411 790 3488 officina,
807 3411 864 3476 sed
881 3417 913 3475 et
927 3411 960 3475 in
970 3411 1098 3494 optimis
1114 3411 1316 3493 poematibus
1330 3410 1451 3494 aliquid

214 3533 321 3596 usque
353 3511 604 3577 desiderandum
645 3518 706 3588 est,
744 3530 802 3575 seu
831 3510 1055 3595 perspicuitas
1090 3529 1148 3573 seu
1179 3510 1316 3593 perfecti
1344 3511 1450 3593 operis

214 3611 371 3696 splendor
380 3612 490 3676 nescio
501 3611 582 3693 quis,
596 3611 761 3675 Brevitate
772 3629 957 3693 quanquam
967 3610 1110 3693 aequales
1119 3609 1329 3691 Pasquierius
1339 3609 1449 3685 vincit,

215 3732 290 3796 quae
312 3711 384 3774 laus
407 3711 521 3794 generi
549 3716 733 3793 poematum
761 3709 832 3793 plus
861 3727 956 3791 quam
986 3710 1118 3792 ingenio
1145 3713 1250 3793 poetae
1277 3707 1451 3772 referenda

216 3797 280 3888 est,
309 3817 418 3874 tamen
442 3817 573 3893 propter
607 3809 740 3872 nimiam
770 3806 932 3872 scribendi
959 3807 1221 3884 festinationem,
1254 3827 1321 3870 non
1348 3805 1450 3870 dicam

215 3910 347 3993 longior
374 3913 407 3974 in
431 3907 588 3987 distichis,
619 3909 676 3972 sed
700 3908 847 3994 prolixus
872 3907 924 3971 vel
946 3909 979 3971 in
999 3908 1137 3972 concisis
1166 3907 1452 3991 epigrammatibus

215 4007 357 4073 videtur.

260 4189 414 4264 Quamvis
429 4196 541 4255 ortem
554 4188 738 4254 metricam
751 4187 928 4273 percalleat
954 4188 1160 4264 Paschasius,
1183 4186 1324 4252 licenter
1343 4192 1452 4252 tamen

217 4307 334 4353 versus
350 4289 524 4372 componit.

260 4386 388 4470 Syllaba
405 4388 500 4471 longa
519 4389 616 4452 sitan
638 4387 747 4451 brevis
762 4405 876 4469 parum
898 4385 1030 4450 videtur
1052 4403 1180 4449 curare.
1208 4384 1303 4448 Haud
1330 4382 1453 4458 dubitat

221 4487 384 4569 quotidie,
403 4483 481 4563 ime,
501 4485 566 4565 aaa,
582 4482 818 4563 Parisiorum,
836 4482 967 4558 d‘e'irade,
986 4481 1055 4563 ciii,
1067 4503 1175 4568 -pro
1190 4480 1352 4567 quetidie,
1368 4485 1451 4561 imo,

254 4771 265 4814 ¹
285 4774 352 4830 Vide
367 4777 452 4841 loon,
468 4776 488 4841 l,
503 4775 553 4841 60;
569 4775 662 4848 Epigr.
677 4775 725 4838 lll,
738 4773 781 4840 50,
796 4774 845 4839 88;
861 4772 953 4845 Epigr.
971 4773 1027 4837 Vll,
1042 4773 1083 4836 t3,
1098 4775 1149 4825 eto.
