3614 5442
754 505 868 560 ..5-

193 703 225 770 id
239 705 320 769 nihil
333 703 373 772 ad
388 725 467 771 rem.
484 706 627 784 Etenim,
647 709 682 771 ut
696 707 822 791 opinor,
849 704 1068 770 arbitrabatur
1081 710 1113 769 01
1127 703 1224 769 licitae
1243 703 1427 770 calliditatis

194 824 268 869 esse
295 805 570 890 adversariorum·
588 804 720 870 fraudes
743 805 907 871 communi
929 804 1041 889 lingua
1065 803 1231 888 detegere,
1256 821 1318 868 nec
1337 803 1427 867 inur-

193 903 313 967 banum
328 904 475 968 homines
490 903 651 988 bilingues
670 903 805 988 bilingui
820 904 1040 968 confutatione
1055 920 1244 987 oppugnare
1255 904 1280 966 ¹.
1308 923 1311 928 ·

234 1017 325 1083 Alios
335 1019 368 1082 In
378 1038 455 1082 usus
466 1019 616 1082 Latinum
631 1037 815 1082 sermonem
831 1017 994 1094 servabat,
1006 1035 1102 1100 quem
1118 1017 1234 1081 mirum
1248 1015 1281 1079 in
1297 1015 1426 1080 modum

194 1118 450 1202 elegantioribus
464 1119 560 1202 nugis
576 1119 754 1182 convenire
771 1116 935 1186 censebat,
951 1116 1072 1181 factum
1097 1118 1192 1180 unice
1206 1115 1246 1180 ad
1259 1115 1428 1200 prodenda

194 1235 260 1280 non
283 1213 475 1279 indecenter
503 1233 564 1279 nec
588 1213 718 1279 inficete
744 1214 889 1291 dicteria,
912 1214 1018 1298 jocos,
1047 1214 1138 1278 lusus
1166 1220 1198 1278 et
1221 1215 1284 1278 alia
1310 1217 1427 1278 mentis

194 1319 411 1399 purgamenta
425 1331 498 1396 quae
513 1312 766 1396 respuitpubliei
778 1313 938 1376 sermonis
948 1311 1087 1395 dignitas
1097 1319 1129 1376 et
1139 1312 1247 1377 decor.
1262 1314 1427 1396 -Neque

195 1413 258 1477 alia
272 1414 385 1476 forsan
400 1431 498 1476 causa
514 1411 575 1476 fuit
598 1412 635 1493 (si
649 1430 764 1476 causas
790 1418 896 1476 certas
922 1411 1070 1495 indagari
1097 1417 1235 1496 oportet,
1255 1413 1309 1476 ubi
1336 1432 1427 1477 mera

192 1511 294 1599 libido
331 1529 405 1575 esse
436 1511 549 1594 potuIt)
578 1529 637 1574 cur
669 1511 890 1592 Pasquierius,
913 1509 981 1595 jam
1011 1512 1087 1573 satis
1116 1516 1211 1574 aetate
1238 1519 1425 1595 provectus,

196 1609 319 1676 Gallica
333 1610 476 1673 carmina
487 1627 590 1694 paene
602 1608 796 1683 deseruerit,
809 1609 922 1673 Latina
933 1628 1046 1673 rursus
1057 1611 1273 1693 usurpaverit.
1286 1609 1427 1678 Gallicos

196 1709 283 1772 enim
293 1727 408 1772 versus
422 1709 454 1771 in
469 1708 576 1772 lucem
590 1707 690 1772 edere
704 1705 843 1791 quodam
858 1707 954 1772 modo
970 1708 1128 1791 poeticam
1138 1726 1299 1773 exercere
1313 1715 1384 1773 erat
1395 1715 1427 1774 ot

195 1817 322 1891 poetam
337 1827 372 1873 se
392 1806 549 1892 profiteri,
570 1806 656 1893 quod
685 1808 777 1891 gravi
803 1807 875 1871 viro
897 1813 933 1871 ut
955 1806 1145 1872 indecorum
1168 1806 1264 1892 objici
1287 1814 1425 1894 poterat,

194 1907 325 1971 Latinos
339 1913 447 1972 autem
461 1925 578 1971 versus
592 1907 669 1970 hinc
685 1905 760 1971 inde
787 1906 944 1982 scribere,
973 1905 1084 1969 amicis
1097 1907 1248 1985 recitare,
1266 1909 1278 1948 ²
1292 1905 1426 1992 collegis

194 2007 447 2081 communicare,
463 2006 546 2090 typis
563 2007 660 2071 etiam
676 2003 841 2081 mandare,
857 2024 910 2069 res
925 2011 996 2069 erat
1009 2004 1128 2068 nullius
1143 2008 1299 2070 momenti
1308 2012 1341 2070 et
1354 2026 1426 2089 quae

195 2104 267 2170 fieri
290 2111 418 2190 poterat
439 2107 568 2189 integra
588 2112 620 2170 et
634 2105 775 2170 bominis
793 2111 826 2169 et
844 2103 967 2168 ordinis
994 2104 1163 2188 dignitate.
1178 2105 1313 2180 —Quis
1340 2106 1426 2170 enim

194 2204 250 2268 tali
264 2205 336 2268 uiro
346 2204 424 2288 juro
437 2202 617 2290 objectaret
633 2204 718 2288 quod
733 2203 855 2287 aliquot
871 2204 974 2268 noctis
989 2203 1087 2268 horas
1103 2223 1215 2268 somno
1231 2202 1378 2270 demeret
1390 2212 1427 2272 ut

194 2304 319 2368 somnia
346 2303 454 2368 nescio
484 2322 557 2387 quae
583 2304 694 2368 verbis
723 2303 830 2368 latinis
851 2309 883 2367 et
904 2301 1029 2378 metris,
1058 2301 1098 2367 ad
1126 2304 1295 2388 exemplar
1318 2309 1366 2368 tot
1393 2313 1427 2371 et

192 2407 357 2467 tantorum
372 2404 527 2479 virorum,
547 2402 753 2468 includeret?
1375 2413 1378 2420 '

235 2517 367 2582 Crimen
381 2523 489 2582 tamen
508 2519 550 2596 ei,
567 2523 600 2582 et
616 2517 701 2582 unde
715 2517 846 2582 minime
859 2523 1033 2581 venturum
1048 2517 1285 2602 suspicabatur,
1300 2517 1425 2584 illatum

192 2622 252 2692 ost,
273 2618 335 2680 nisi
348 2617 434 2682 forte
449 2618 660 2701 Pasquierius
674 2619 744 2702 ipse
755 2618 962 2682 occasionem
972 2623 1185 2702 opportunam
1195 2618 1254 2683 sibi
1265 2619 1425 2703 purgandi

191 2715 302 2780 ficticii
318 2716 462 2780 criminis
476 2717 612 2800 paravit.
633 2716 757 2799 Nempe
772 2717 806 2779 in
817 2714 878 2808 ¹illa
900 2714 940 2779 ad
958 2716 994 2779 P.
1020 2715 1181 2780 Pitlraeum
1202 2717 1359 2801 Epistola,
1375 2717 1424 2783 de

193 2831 257 2896 qua
280 2816 401 2878 mentio
427 2814 499 2890 fuit,
527 2833 660 2899 operam
688 2813 767 2879 dare
794 2810 925 2878 videtur
942 2819 977 2877 ut
1003 2813 1193 2878 indecorum
1222 2834 1296 2880 cum
1324 2818 1425 2881 musis

193 2912 315 2977 Latinis
325 2915 554 2978 commercium
566 2919 711 2978 excuset.
725 2916 797 2978 lam
812 2923 909 2977 antea
919 2913 944 2992 ³,
958 2912 1034 2976 dum
1043 2914 1286 2998 Epigrammata
1300 2915 1421 2981 Christ.

193 3010 328 3074 Thuano
347 3008 485 3090 dedicat,
502 3013 642 3077 innocua
657 3013 753 3077 seriae
768 3014 843 3076 vitae
860 3011 1052 3076 diverticula
1074 3032 1200 3076 summo
1224 3014 1292 3078 viro
1307 3034 1424 3099 appro-

192 3111 271 3176 bare
286 3129 353 3173 000
368 3111 630 3194 intempestivum
640 3111 813 3195 judicarat.
827 3113 893 3176 Per
896 3111 1009 3196 jocum
1019 3117 1128 3175 tamen
1145 3111 1216 3194 ptus
1226 3133 1322 3197 quam
1337 3116 1423 3181 serio

192 3208 276 3294 apud
287 3229 448 3273 summum
462 3208 640 3274 Praesidem
656 3228 787 3274 causam
801 3215 927 3293 egerat.

232 3323 369 3399 Quando
384 3331 490 3389 autem
505 3325 607 3391 amico
623 3324 748 3390 Pithaeo
761 3324 938 3409 respondet
953 3326 966 3367 ⁸
981 3323 1078 3410 (quod
1093 3328 1214 3405 evenit,
1226 3329 1421 3415 utconjicio,

190 3443 275 3489 anno
308 3425 438 3490 circiter
461 3425 701 3507 MDLXXXV)
726 3431 852 3490 remoto
879 3425 956 3508 joco
985 3444 1057 3489 rem
1079 3431 1194 3491 tractat
1218 3434 1274 3492 aut
1294 3429 1423 3494 videtur

190 3529 342 3589 tractare.
358 3523 433 3588 Tria
446 3530 530 3608 quae
545 3525 575 3589 ci
589 3524 718 3608 objecta
733 3529 808 3588 sunt
821 3523 957 3590 crimina
967 3523 1069 3588 diluit.

233 3650 353 3712 Parum
382 3647 477 3713 decet
505 3647 713 3725 causidicum,
745 3647 1023 3731 jurisconsultum,
1053 3669 1130 3713 mox
1159 3651 1256 3715 etiam
1276 3650 1422 3737 judicem

190 3746 367 3831 publicum,
393 3747 485 3811 istius
512 3745 603 3810 modi¹
620 3748 715 3830 nugis
746 3764 874 3811 vacare.
904 3747 1094 3830 Respondet
1119 3749 1314 3815 Paschasius
1335 3752 1421 3818 ludis

191 3847 261 3911 istis
276 3846 354 3911 nihil
368 3866 403 3910 se
419 3847 574 3929 temporis
589 3847 640 3910 sui
652 3846 715 3909 nisi
730 3845 827 3909 horas
843 3846 1042 3923 subsecIvas,
1059 3867 1139 3929 quas
1152 3847 1206 3913 alii
1220 3851 1368 3915 inanibus
1384 3874 1422 3918 ac

190 3944 311 4030 pejoris
326 3945 468 4029 exempli
491 3943 757 4029 occupationibus
771 3942 859 4021 dant,
882 3944 1040 4021 tribuere,
1058 3964 1165 4029 neque
1177 3946 1209 4010 id
1226 3947 1338 4014 iacere
1359 3953 1421 4016 nisi

190 4042 465 4126 praestantissimis
502 4042 658 4126 exemplis
685 4045 855 4116 munitum,
898 4043 1064 4108 Ciceronis
1096 4043 1232 4122 scilicet,
1265 4053 1298 4115 et
1325 4047 1422 4114 Plinii

188 4427 205 4480 d
220 4344 232 4383 1
246 4344 362 4399 Nicolus
376 4345 452 4398 haud
464 4345 554 4410 aliter,
569 4363 654 4416 quum
667 4345 793 4400 libellum
807 4347 934 4412 Pascalii,
956 4365 970 4400 <‹
985 4349 1038 4403 Les
1048 4349 1233 4405 Provinciales
1247 4368 1271 4416 ›>,
1286 4352 1421 4408 latinitate

207 4426 309 4481 enavit.
1158 4447 1160 4450 ·

220 4535 233 4573 ²
251 4535 287 4590 Cf
297 4534 390 4604 Epigr.
406 4535 451 4600 IV,
468 4535 509 4598 15,
522 4535 566 4588 Ad
574 4534 783 4605 Torquatulum.

189 4723 201 4776 1
203 4643 255 4778 530
247 4639 478 4779 11011·ἰὲἒο101001
492 4640 594 4696 Christ.
609 4643 816 4712 Τ110000(1.11,
831 4663 858 4715 p.
871 4646 956 4715 11211),
973 4663 1035 4717 qnae
1054 4647 1164 4717 quidem
1178 4648 1280 4720 scripta
1294 4656 1337 4705 est
1349 4668 1422 4707 anno

256 4739 311 4787 ,ve
385 4735 410 4778 ι.

221 4829 234 4869 I
247 4829 363 4899 Labros,
377 4831 451 4896 VIII,
465 4832 487 4897 1,
499 4830 535 4886 ad
555 4832 586 4888 P.
609 4832 758 4887 Pithoeum.
