3614 5442
738 535 869 589 ‚49-

188 757 268 821 quos
282 737 461 822 principem
476 734 573 800 facile
587 733 695 798 locum
711 733 835 798 obtinet
851 731 996 798 Scaevola
1008 732 1358 818 Sammarthanus,ode
1368 737 1423 803 illa

186 856 246 921 qua
260 837 460 920 praeconium
475 835 570 899 amici
583 834 633 898 sui
647 833 807 917 suscepit:

452 1030 466 1063 o
486 1009 640 1066 contrahes
652 1009 749 1080 paucis
762 1009 937 1079 Epigramma
951 1010 1054 1072 verbis,

484 1095 569 1148 Docte
583 1092 724 1162 Pasqueri,
737 1109 826 1162 neque
841 1099 869 1146 ts
883 1093 1021 1156 Catullus,

483 1177 591 1231 Bilbilis
606 1193 656 1229 nec
669 1181 697 1229 te
711 1175 823 1230 soboles
837 1176 925 1229 faceto

552 1259 679 1314 Carmine
692 1257 792 1312 vincet.

547 1455 577 1462 —
596 1425 633 1477 Te
647 1423 758 1492 quidem
772 1423 851 1476 lauro
866 1423 1001 1498 celebrem
1014 1424 1140 1492 foroque,

485 1507 587 1574 Magne
602 1503 744 1567 paschasi,
759 1505 907 1559 celebrarit
922 1504 1021 1574 ingens

486 1587 569 1642 Orbis
582 1605 598 1640 a
613 1589 702 1642 Peuce
716 1586 795 1641 viridi
808 1588 844 1640 ad
858 1588 992 1657 superbas

552 1671 670 1725 Hercule
686 1669 776 1726 Gades
794 1669 843 1724 ul.

182 1841 362 1905 Testantur
385 1845 417 1904 et
441 1837 626 1922 complures
650 1857 717 1902 non
751 1835 932 1902 mediocres
962 1837 1035 1912 1111,
1062 1839 1191 1923 scriptis
1213 1839 1254 1903 ad
1283 1839 1423 1906 Pascha-

183 1939 267 2002 sium
292 1935 450 2021 epistolis,
481 1954 564 2020 quae
589 1941 721 2018 praeter
748 1936 898 1999 usitatam
928 1933 1072 2019 epistolis
1094 1936 1419 2013 commendationem,

183 2057 300 2102 veram
314 2044 422 2100 tamen
438 2055 475 2098 ac
489 2036 649 2100 sinceram
664 2034 911 2099 admirationem
925 2033 1131 2117 profitentur.

223 2153 361 2236 Aliquot
374 2170 477 2215 annos
495 2156 578 2235 post,
603 2148 701 2215 Guill.
718 2149 861 2215 Colletet
884 2151 917 2213 in
938 2173 958 2210 «
975 2151 1056 2216 Arte
1071 2151 1197 2234 poetica
1219 2175 1237 2210 s
1251 2151 1422 2236 Epigram-

184 2259 311 2316 rnatum
347 2251 543 2314 mentionem
580 2248 657 2312 facit
692 2267 830 2332 quorum
862 2247 974 2313 laudat
1004 2272 1023 2309 «
1051 2249 1280 2328 urbanitatem,
1314 2251 1361 2316 sal
1389 2258 1423 2317 et

184 2349 355 2433 ingenium
368 2371 388 2408 ›>
402 2349 427 2409 ².
446 2348 513 2412 Nec
528 2347 591 2412 cito
602 2348 700 2412 cessit
712 2347 798 2411 fama
813 2345 879 2422 ilia,
895 2353 930 2411 ut
943 2353 1077 2431 apparet
1095 2367 1134 2412 ex
1146 2347 1278 2431 judiciis
1292 2349 1422 2433 Goujeti

184 2467 222 2512 ac
236 2448 376 2524 Moreri,
401 2467 473 2530 quae
496 2465 574 2510 mox
590 2446 789 2512 referentur.
812 2448 937 2511 Nostris
953 2449 1051 2511 etiam
1073 2447 1275 2532 temporibus
1302 2449 1419 2513 1111116

185 2545 303 2611 doctus
331 2546 385 2629 qui
411 2546 453 2611 de
474 2545 666 2628 Pasquierio
694 2550 865 2630 tantopere
898 2546 1034 2611 meritus
1064 2552 1125 2624 cst,
1157 2549 1193 2612 L.
1227 2549 1419 2633 Feugerius,

183 2665 256 2710 reru
270 2643 370 2708 nullis
385 2643 575 2727 ambagibus
599 2643 754 2722 declarat,
778 2645 889 2709 verbis
903 2645 993 2709 hisce
1009 2665 1081 2728 quae
1103 2646 1204 2710 latina
1221 2646 1326 2711 facio:
1352 2670 1371 2707 ‹<
1385 2649 1421 2710 ln

184 2768 203 2804 ›>
226 2743 284 2808 illa
308 2741 418 2806 latinae
448 2760 585 2826 poeseos
608 2761 708 2806 aurea
736 2747 842 2821 aetate,
875 2743 1152 2826 Epigrammatum
1181 2743 1268 2821 libri,
1296 2743 1421 2830 judicio

184 2867 203 2902 ›>
226 2840 415 2926 aequalium,
439 2842 628 2924 Pasquierio
651 2841 745 2906 fuere
773 2843 860 2906 inter
889 2844 1071 2926 praecipuos
1102 2840 1225 2906 titulos.
1257 2842 1421 2908 Nonnulla

184 2965 203 3002 »
226 2942 326 3005 etiam
341 2943 411 3022 ejus
426 2941 581 3014 carmina,
597 2940 652 3004 161
666 2939 750 3025 apud
759 2947 891 3005 exteras
901 2949 1027 3024 gentes
1039 2939 1221 3005 incredibili
1231 2941 1421 3007 celebritate

185 3065 204 3100 »
227 3041 398 3124 gratiaque
411 3038 594 3104 floruerunt
609 3064 626 3098 ›
642 3040 667 3104 ³.

227 3159 334 3220 Testis
349 3175 430 3220 1616
444 3157 629 3240 praecipuus
644 3161 676 3219 et
697 3174 804 3238 praeco
819 3155 931 3240 gloriae
945 3156 1122 3234 Paschasii,
1143 3157 1337 3221 Paschasius
1360 3164 1420 3222 est.

186 3258 224 3320 ln
243 3255 380 3338 epistola
399 3255 484 3318 enim
509 3253 549 3318 ad
563 3256 637 3317 Ant.
658 3252 846 3338 Loysellum
861 3260 1008 3320 veterem
1027 3252 1170 3318 sodalem
1185 3255 1316 3338 scripta,
1329 3262 1423 3338 poeta

181 3353 254 3438 jam
268 3353 380 3416 senior
392 3351 510 3416 lamam
525 3353 585 3416 sibi
600 3372 658 3436 per
672 3353 816 3417 carmina
832 3353 1013 3436 quaesitam,
1030 3359 1095 3418 tarn
1111 3351 1197 3417 domi
1220 3373 1316 3438 quarn
1329 3354 1422 3432 foris,

186 3455 331 3536 ingenua
360 3451 516 3536 superbia·
544 3457 696 3516 ostentat.
726 3451 892 3516 Gloriatur
923 3453 1009 3515 enim
1043 3471 1078 3517 se
1106 3452 1231 3516 nullum
1255 3451 1297 3516 de
1325 3452 1423 3516 rebus

188 3549 326 3634 publicis
353 3552 575 3634 composuisse
604 3569 719 3633 poema
745 3550 906 3615 Gallicum
934 3551 1136 3628 Latinumve,
1166 3550 1252 3634 quod
1286 3569 1350 3614 non
1383 3549 1424 3614 ab

188 3651 340 3715 omnibus
365 3651 459 3715 bonae
484 3651 602 3714 mentis
628 3656 684 3714 aut
706 3649 851 3714 honestae
875 3648 1038 3734 dignitatis
1070 3652 1149 3714 viris
1180 3649 1423 3734 comprobatum

222 3952 232 3991 ¹
247 3955 278 4008 Τ.
295 3955 316 4016 1,
332 3971 359 4022 p.
376 3954 449 4006 1115.
464 3983 496 3993 -
511 3955 582 4022 Lege
596 3959 623 4006 et
637 3952 706 4005 illud
721 3953 793 4007 Flor.
810 3952 977 4008 Christiani:

439 4077 454 4112 6
477 4100 548 4114 .....
568 4061 649 4115 Haud
663 4061 738 4130 quod
751 4061 823 4114 seria
836 4060 881 4114 vel
890 4061 987 4128 jocosa
1000 4064 1121 4112 tractans

475 4144 602 4197 Summos
617 4144 736 4196 carmine
750 4148 880 4213 provocat
893 4147 1001 4212 poetas,

475 4227 585 4280 Priscos
599 4231 740 4296 provocat,
754 4225 841 4279 anteit
854 4231 988 4290 recentes,

473 4310 588 4372 Doctus,
604 4314 759 4380 promptus,
772 4315 871 4362 acutus
885 4314 912 4361 et
926 4307 1073 4370 rotundus,

466 4391 556 4446 Melle
571 4408 634 4445 cum
646 4392 715 4445 libet
727 4391 840 4444 illinens
853 4406 965 4460 poema,

475 4474 550 4528 Felle
564 4491 627 4528 cunr
640 4475 709 4528 libet
722 4481 749 4529 et
763 4475 828 4528 licet
834 4513 910 4528 .....
930 4491 945 4527 t>

853 4559 897 4628 [Τ.
914 4559 936 4621 Ι,
951 4575 978 4626 p.
995 4556 1082 4626 1116].

226 4674 239 4713 ²
257 4675 287 4729 G.
305 4673 424 4730 Colletet
445 4675 516 4744 [Art.
533 4675 675 4746 Poetique.
686 4674 776 4728 Traitd
787 4673 943 4744 del'Epigr.
967 4674 1053 4743 Chap.
1066 4673 1098 4736 V,
1111 4688 1154 4741 ap.
1171 4670 1303 4740 Feugbre,
1319 4687 1346 4740 p.
1363 4671 1424 4740 129]

195 4776 209 4811 11
222 4763 304 4813 vante
318 4773 416 4811 encore
431 4758 586 4822 l'urbanitd,
602 4759 628 4812 le
642 4757 684 4812 sel
697 4763 725 4811 61
737 4757 764 4810 la
779 4759 859 4826 grace
873 4757 923 4811 des
938 4757 1128 4828 Epigrammes
1142 4755 1175 4809 de
1189 4755 1323 4826 Pasquier
1338 4772 1362 4808 n.

255 4875 285 4929 L.
300 4872 432 4944 reagere.
447 4873 590 4940 Vis.....,
604 4890 632 4944 p.
648 4873 763 4941 166161.
778 4871 873 4944 Dupin
888 4889 895 4928 :
910 4873 997 4943 illoge
1011 4872 1046 4926 de
1060 4873 1103 4937 P,
1118 4889 1146 4943 p.
1160 4871 1215 4939 60).

1347 4971 1363 5022 4
