3614 5442
777 461 907 515 -11-

223 685 334 732 merus
350 669 411 743 ost,
427 682 534 749 neque
557 662 720 727 tirunculo
741 660 903 746 indignus,
928 681 991 747 quo
1014 680 1073 747 per
1092 661 1243 728 facetiam
1265 661 1458 745 designatur
1518 715 1520 720 ,

223 765 347 831 Sebast.
365 762 656 847 Luxemburgaeus.
673 760 700 827 Ο
715 761 874 845 praeclare
887 761 1056 828 inventum
1070 767 1101 826 et
1119 761 1208 825 omni
1226 760 1323 826 laude
1344 781 1456 847 prose·

221 863 406 949 quendum!

261 965 418 1048 AEnigma
433 960 596 1046 quoddam
609 960 729 1026 librum
747 961 992 1045 Epitaphiorum
1004 959 1092 1025 haud
1103 959 1236 1044 indigne
1250 959 1417 1026 concludit
1430 961 1454 1038 ¹,

220 1062 427 1147 ingeniosum
446 1080 525 1126 sane
539 1067 571 1125 et
592 1061 779 1144 ambiguum
802 1061 891 1138 satis,
913 1059 999 1144 quod
1022 1067 1130 1125 tamen
1145 1066 1181 1124 ut
1199 1061 1366 1144 aperiatur
1390 1078 1455 1122 non

221 1181 358 1228 neeesse
372 1168 421 1227 est
435 1160 597 1246 OEdipoda
621 1180 664 1226 ex
677 1160 791 1226 inferis
811 1180 978 1226 revocare.
1003 1160 1155 1225 Filiolam
1182 1167 1231 1224 sat
1257 1162 1320 1225 erit
1342 1159 1452 1224 ciere:

223 1259 398 1326 dummodo
422 1259 539 1324 latinas
566 1259 692 1324 litteras
717 1277 914 1343 componere
936 1259 1005 1343 jam
1031 1257 1192 1334 calluerit,
1220 1279 1297 1324 mox
1323 1257 1454 1323 evolvet

221 1360 428 1437 sententiam,
450 1358 601 1442 ambiguo
628 1359 771 1424 carmine
794 1359 986 1435 involutam,
1011 1378 1083 1442 quae
1106 1363 1157 1423 cst
1179 1357 1419 1442 «sepulchrum
1435 1381 1452 1416 s

222 1466 254 1526 et
268 1481 286 1518 «
300 1459 471 1544 pulchrum
484 1481 515 1521 ›>.

264 1556 362 1622 Nulla
374 1558 559 1622 intermissa
573 1575 676 1634 mora,
692 1575 735 1622 ex
748 1555 893 1621 Tumulis
908 1556 949 1621 ad
963 1558 1077 1622 leones
1091 1561 1307 1620 transeamus

638 1899 707 1950 m.
726 1927 757 1934 -
774 1899 831 1950 De
848 1897 1037 1951 Iconlbus.

261 2094 361 2160 Plura
389 2101 465 2159 sunt
491 2097 524 2158 in
551 2096 687 2159 leonum
704 2088 799 2158 libro
814 2093 913 2178 digna
931 2113 1002 2178 quae
1026 2091 1192 2178 legentem
1218 2093 1453 2179 aliquantisper

222 2194 401 2259 detineant.

263 2295 336 2358 Non
354 2292 439 2375 qnod
462 2292 568 2357 absint
593 2293 725 2357 omnino
743 2294 879 2376 vestigia
895 2292 1042 2377 quaedam
1057 2293 1210 2357 vitiorum
1231 2293 1363 2357 illorum
1378 2313 1451 2377 quae

222 2393 304 2458 adeo
326 2391 439 2457 dilexit
461 2392 669 2476 Pasquinrius
691 2398 727 2456 ut
743 2395 812 2456 istis
835 2411 949 2457 carere
975 2413 1017 2458 ne
1032 2413 1130 2458 unam
1161 2392 1292 2477 quidem
1315 2412 1451 2478 operum

221 2499 346 2578 partem
365 2491 490 2566 siverit,
507 2491 718 2556 subtilitatem
732 2491 864 2556 nimiam
878 2491 949 2556 dico
971 2499 1004 2557 et
1018 2493 1108 2556 illum
1124 2493 1225 2559 verba
1249 2493 1337 2557 omni
1356 2492 1451 2556 modo

220 2590 361 2656 vexandi
375 2591 467 2675 quasi
482 2589 642 2654 morbum.
659 2590 741 2657 Vult
758 2592 844 2656 enim
864 2590 1075 2656 Catharinam
1093 2591 1281 2658 Medicaeam
1300 2591 1449 2666 laudare,

221 2711 293 2774 quaa
309 2689 481 2755 mediocris
495 2707 574 2754 sane
587 2689 781 2754 laudationis
797 2691 948 2755 materies
960 2691 1022 2755 fuit
1034 2689 1040 2756 !
1051 2691 1121 2755 Hac
1130 2692 1163 2755 in
1173 2710 1209 2755 re
1219 2691 1451 2776 Pasquierius²

221 2788 386 2878 abstinere
399 2808 466 2852 non
480 2795 588 2872 potest
602 2789 774 2874 quominus
788 2789 926 2854 utilitate
941 2790 1042 2867 nulla,
1056 2789 1189 2875 jocandi
1204 2795 1449 2866 antummum,

221 2887 451 2954 Medicaenrnm
473 2908 593 2953 nomen
617 2895 647 2953 et
672 2889 872 2954 Medicorum
891 2896 995 2955 artem
1017 2890 1238 2955 intermisceat
1255 2891 1279 2952 ³.
1306 2891 1385 2966 lmn,
1411 2889 1451 2954 de

220 3011 240 3049 «
263 2989 401 3072 Virgine
423 2987 598 3052 Aureliana
616 3010 636 3048 s>
656 2985 813 3064 dicturus,
838 2986 1017 3053 venerabili
1040 2987 1157 3072 puellae
1174 3008 1239 3052 non
1260 2989 1374 3071 parcit,
1394 2985 1453 3053 sed

220 3087 456 3170 intempestivis
472 3085 557 3171 jocis
582 3093 615 3150 et
640 3085 749 3168 inepta
774 3086 952 3151 verborum
979 3085 1200 3162 similitudine,
1229 3105 1298 3152 rem
1325 3106 1385 3171 per
1414 3105 1450 3152 so

219 3185 455 3250 sanctissimam
481 3187 612 3250 omnino
636 3186 812 3268 corrumpit
833 3185 859 3248 ⁴.
885 3184 967 3250 Illud
985 3192 1093 3250 tamen
1109 3184 1225 3269 judicii
1249 3185 1298 3250 sui
1324 3183 1449 3260 vitium,

221 3284 306 3370 quod
321 3304 487 3368 nunquam
511 3285 678 3369 corrigere
692 3285 794 3348 valuit
809 3283 1029 3368 Pasquierius‚
1044 3288 1078 3349 in
1096 3305 1240 3369 praesens
1256 3285 1402 3350 omittam
1417 3292 1452 3349 ut

219 3383 261 3448 ad
276 3383 429 3448 meliorus
445 3383 553 3448 statim
568 3386 677 3466 operis
694 3389 802 3468 partes
819 3388 996 3449 transeam.

262 3481 341 3556 Quis
365 3484 550 3566 suspicetur
578 3481 804 3566 Pasqnierium
829 3502 894 3546 uno
918 3481 1054 3548 disticho
1077 3490 1110 3547 et
1133 3504 1244 3570 regem
1268 3483 1452 3570 Philippum

221 3580 397 3645 Pulchrum
424 3577 588 3658 laudasse,
617 3587 650 3645 et
676 3599 768 3645 suam
795 3579 836 3645 de
862 3581 1039 3646 Gallicanae
1071 3583 1219 3648 ecclesiae
1250 3582 1452 3647 libertatibus

220 3680 403 3764 opinionem
419 3679 644 3765 expressisset
660 3681 795 3765 Nempe,
813 3681 874 3744 nisi
895 3681 1002 3758 tabor,
1018 3701 1088 3747 rem
1107 3683 1332 3768 gravissimam
1350 3689 1450 3759 secat,

219 3777 297 3864 quid
309 3779 393 3863 Regi
412 3778 579 3857 debeatur,
599 3779 676 3863 quid
691 3779 813 3844 vicario
828 3780 897 3858 Dei,
915 3779 1040 3846 duobus
1054 3780 1145 3847 hisce
1158 3782 1327 3848 versiculis
1343 3807 1351 3846 ;

467 3959 482 3994 <‹
502 3943 553 3997 Hic
566 3943 660 3997 docuit
671 3945 760 3998 nostri
772 3960 898 4014 quaenam
916 3932 1068 3999 retinacula
1081 3947 1169 4016 regni,

567 4027 784 4096 pontificemque
798 4026 857 4080 suis
871 4026 998 4081 claudere
1012 4028 1147 4082 limitibus
1160 4030 1171 4068 ⁵
1185 4046 1208 4081 n.

262 4170 422 4247 Quamdiu
449 4175 604 4257 temporis
632 4176 682 4240 sui
719 4175 830 4259 Reges
857 4195 896 4240 ac
924 4175 1091 4261 Principes
1126 4173 1274 4242 versibus
1307 4176 1452 4262 depingit

251 4424 262 4465 1
281 4428 331 4498 Ep.
345 4428 388 4482 59.

251 4517 264 4556 ²
278 4516 315 4572 Ic.
329 4517 372 4572 30.

250 4609 262 4648 ³
280 4607 321 4662 Cf.
337 4610 373 4663 lc.
387 4611 413 4663 9.
427 4611 468 4665 85.
484 4611 527 4666 86.

251 4697 263 4738 ⁸
280 4700 315 4751 Ic.
331 4699 373 4752 31.

251 4787 263 4829 5
280 4789 318 4844 Ic.
334 4789 374 4843 14.
