3614 5442
724 1181 1016 1252 conclusio

797 1395 939 1406 ———

296 1683 422 1768 Opinor
436 1684 585 1767 equidem
602 1683 824 1767 Pasquiorium
839 1682 1020 1748 locumsibi
1042 1687 1074 1747 01
1101 1682 1287 1747 distinctum
1312 1683 1401 1759 00110,
1427 1702 1490 1749 000
1523 1765 1525 1774 ‚

253 1783 336 1848 adeo
353 1784 551 1848 mediocrem
564 1783 731 1866 paravisse
747 1783 831 1847 iuter
845 1801 901 1848 000
915 1783 1092 1867 scriptores
1102 1781 1156 1865 qui
1170 1800 1263 1846 0000
1276 1781 1489 1847 LatinaMusa

253 1886 384 1948 unicam
399 1882 537 1966 gloriam
552 1901 644 1946 suam
658 1881 816 1963 petivere,
833 1880 890 1946 sed
904 1880 980 1945 inde
994 1880 1114 1964 aliquid
1130 1881 1258 1945 decoris
1283 1882 1406 1945 nomini
1429 1903 1488 1947 suo

254 1981 399 2068 adjicere
413 1982 600 2046 voluerunt.

296 2096 329 2161 Si
353 2096 424 2179 quis
447 2095 533 2158 onim
554 2095 778 2178 Pasquierium
802 2113 875 2160 cum
903 2093 1187 2158 excellentissimis
1209 2092 1358 2177 ejusdem
1386 2094 1488 2159 seculi

255 2194 362 2279 poetis
375 2192 486 2258 latinis
500 2193 659 2270 00010001,
675 2193 820 2276 iniquum
834 2199 925 2258 certe
940 2199 1052 2256 nostro
1066 2197 1233 2257 certamen
1249 2193 1308 2257 sit:

635 2414 649 2449 «
669 2437 707 2449 ...
731 2395 804 2458 Quid
817 2396 889 2449 enim
903 2397 1051 2450 contendat
1062 2396 1180 2450 hirundo

668 2480 768 2548 Cycnis
782 2482 795 2530 1
809 2521 814 2532 .
826 2519 849 2532 .,
868 2497 882 2532 u

257 2669 496 2735 Nonnullorum
520 2689 581 2754 ego
600 2669 784 2753 aequalium,
800 2689 858 2734 seu
873 2676 988 2753 sponte
1006 2687 1090 2746 mea,
1111 2687 1171 2734 seu
1190 2669 1326 2753 hujusce
1344 2669 1490 2754 opusculi

257 2767 449 2833 conficiendi
464 2769 579 2852 gratia,
590 2769 690 2833 latina
703 2769 848 2832 carmina
863 2769 983 2844 evolvi,
998 2786 1058 2831 nec
1073 2787 1123 2832 me
1138 2768 1321 2851 consumpti
1335 2769 1490 2851 temporis

257 2865 413 2949 poenituit.
443 2866 478 2931 ld
498 2886 541 2930 ex
567 2866 630 2930 hoc
657 2866 763 2930 studio
800 2864 929 2950 collegi,
957 2864 1174 2940 BuohananiS,
1202 2868 1345 2941 Auratis,
1373 2867 1488 2933 Beziis.

257 2963 540 3048 compluribusque
579 2964 651 3028 aliis
688 2963 868 3028 certandum
912 2963 1102 3046 Pasquierio
1139 2983 1230 3040 esse,
1274 2983 1336 3028 000
1378 2963 1490 3028 dubito

257 3065 333 3147 quin
350 3065 417 3146 ipse
433 3065 530 3126 100110
543 3063 622 3126 viris
638 3063 724 3127 01100
741 3063 888 3138 cesserit,
907 3081 987 3145 quos
1002 3063 1098 3126 etiam
1115 3064 1288 3147 magistros
1299 3062 1358 3127 sibi
1374 3081 1489 3146 propo·

255 3168 364 3225 suerat
381 3163 405 3224 1.
423 3162 547 3245 Quippe
561 3163 622 3226 etsi
644 3181 758 3225 eorum
772 3163 850 3226 vitia
873 3161 1022 3244 quaedam
1048 3165 1183 3240 retinet,
1208 3183 1280 3246 quae
1304 3168 1335 3228 01
1358 3163 1490 3245 generis

257 3259 419 3326 scribendi
433 3267 518 3331 sunt,
539 3267 572 3325 01
584 3263 749 3344 temporie,
766 3261 888 3324 scilicet
903 3258 1085 3324 affectatam
1112 3261 1336 3338 subtilitatem,
1360 3260 1491 3324 nimiam

257 3358 483 3431 eruditionem,
523 3359 678 3423 arcessita
715 3358 828 3436 verba,
857 3358 951 3442 jocos
978 3359 1103 3435 inanes,
1132 3360 1317 3444 spurciores
1345 3359 1489 3435 facetias,

256 3457 383 3521 illorum
414 3462 523 3520 tamen
551 3462 663 3520 noster
686 3475 747 3519 nec
775 3475 886 3520 rerum
915 3455 1163 3540 simplicitatem,
1189 3477 1249 3523 uec
1275 3456 1491 3542 componendi

256 3557 455 3630 facilitatem,
473 3575 534 3620 000
550 3555 697 3621 dictionis
721 3554 944 3620 salubritatem
972 3557 1270 3640 proprietatemque
1293 3557 1488 3638 assequitur.

256 3658 291 3719 ln
302 3655 356 3718 illa
371 3656 461 3736 quasi
477 3653 587 3718 schola
598 3654 786 3718 Latinorum
802 3674 868 3718 non
883 3656 969 3718 inter
981 3655 1153 3738 magistros
1167 3652 1432 3719 annumerandus
1442 3661 1492 3717 001

257 3752 477 3836 Ρο000100100.
494 3750 550 3816 sed
566 3753 704 3835 optimus
723 3753 809 3816 inter
821 3754 958 3836 optimos
972 3753 1148 3836 discipulos
1163 3752 1342 3817 habendus

298 3868 504 3950 Huncigitur
518 3868 545 3930 01
558 3887 650 3949 aeque
667 3865 817 3947 judicare
836 3867 1094 3943 00100010,10100
1115 3885 1210 3951 pares
1230 3884 1382 3951 repones
1406 3866 1492 3930 inter

257 3967 417 4030 litteratos
444 3964 517 4028 11100
541 3966 630 4031 viros
653 3967 708 4048 qui
734 3964 842 4028 latinis
870 3964 1068 4028 carminibus
1095 3963 1275 4028 studiorum
1302 3966 1490 4028 memoriam

257 4064 458 4129 renovabant
471 4088 477 4136 ;
498 4065 551 4128 vel
565 4063 672 4148 potius
687 4083 760 4127 eum
776 4063 825 4126 sui
840 4061 962 4128 ordinis
980 4064 1059 4126 viris
1074 4063 1277 4147 comparabis
1303 4065 1357 4146 qui
1380 4062 1490 4128 latinae

258 4183 358 4228 musae
385 4162 556 4228 vacabant.
586 4163 657 4237 Qua
687 4164 721 4225 10
749 4162 884 4227 cohorte
910 4168 1121 4246 patronorum
1151 4168 1184 4225 et
1210 4161 1357 4248 judicum
1383 4163 1490 4227 locum

258 4263 381 4327 obtinet
410 4263 437 4326 si
463 4281 529 4325 non
556 4263 708 4346 primum,
732 4262 835 4345 primo
862 4267 970 4324 tamen
992 4261 1187 4345 proximum.
1213 4261 1374 4327 Concedit
1400 4268 1491 4326 certe

255 4362 285 4426 J.
298 4360 420 4425 Bellaeo
434 4360 544 4425 subtili
558 4361 770 4445 ingenuitate,
785 4359 897 4445 Steph.
914 4361 1072 4425 Boetiano
1087 4361 1237 4426 concedit
1250 4361 1348 4424 animi
1358 4358 1489 4438 robore,

290 4707 299 4745 ¹
319 4708 400 4770 Quod
414 4709 535 4778 conspici
549 4717 640 4778 potest
654 4728 685 4762 ex
705 4709 880 4779 poematibus
893 4727 954 4778 qua·
970 4685 1137 4764 1100000000
1160 4713 1264 4780 (Epigr.
1280 4711 1381 4774 11151.
1398 4712 1493 4765 100000

258 4791 315 4858 163,
330 4790 379 4848 Ed.
396 4790 542 4857 Petit-Pus,
556 4809 584 4864 p.
598 4794 658 4854 257)
674 4793 718 4846 vel
729 4794 834 4847 Aurata
849 4791 948 4847 dicavit
