3614 5442
876 375 1007 430 ..56-

328 581 457 664 lepores
479 578 548 654 »1,
585 582 696 641 censet
731 581 841 640 tamen
876 593 933 638 eos
962 573 1128 638 hominum
1159 574 1381 641 honestiorum
1407 576 1559 661 judieio²

328 703 347 740 «
369 683 527 742 venustos
545 695 624 740 vere
643 674 741 739 liores
763 697 782 734 »
805 671 973 738 habendos
993 691 1076 737 esse.
1101 675 1160 738 His
1179 695 1297 759 nempe
1311 677 1396 761 Jocis
1416 680 1560 742 recreari

329 781 455 841 mentes
469 781 570 860 putat,
587 793 650 859 quo
665 774 782 837 fortius
795 772 888 836 bonis
904 773 1063 855 seriisque
1078 773 1176 837 rebus
1193 774 1392 839 incumbant.

370 875 510 939 Nimium
525 892 603 937 sane
618 878 651 936 et
664 873 818 956 temporis
833 878 866 935 et
880 891 967 935 curae
982 872 1152 955 insumpsit
1167 872 1375 956 Pasquierius
1389 880 1425 937 31
1437 877 1561 958 3333113

329 972 454 1038 erudite
470 974 572 1056 magis
588 991 626 1036 33
639 969 801 1034 subtiliter
823 990 917 1052 quam
933 971 1058 1053 poetice
1080 976 1245 1035 tractaret.
1264 970 1327 1036 Sed
1342 974 1375 1036 in
1391 992 1430 1037 ea
1442 993 1480 1038 re
1495 994 1562 1037 non

328 1061 541 1137 emittendum
557 1076 606 1135 est
620 1070 730 1136 Gallos
745 1075 875 1134 nostros
891 1089 930 1133 eo
944 1070 1144 1153 potissimum
1160 1072 1237 1134 vitio
1247 1091 1350 1154 usque
1360 1074 1560 1155 peccavisse,

329 1173 383 1255 qui
398 1170 490 1255 quasi
516 1189 575 1254 per
593 1167 765 1233 intervalla
784 1173 936 1231 3331313
960 1169 1159 1246 severitate
1180 1167 1351 1243 recedunt,
1368 1177 1403 1233 ut
1424 1189 1460 1234 se
1475 1176 1562 1235 totos

328 1268 485 1334 vexandis
499 1269 609 1332 verbis
624 1273 657 1331 et
670 1266 846 1350 ingeniosis
865 1257 1050 1349 hujusmodl
1071 1265 1154 1331 ludis
1178 1266 1308 1333 dedant.
1329 1266 1420 1333 Unde
1439 1269 1563 1352 aliqua-

330 1375 424 1434 tenus
439 1365 624 1432 excusanda
638 1371 688 1430 est
703 1365 868 1430 Pasclrasii
884 1363 1055 1429 subtilitas

370 1523 527 1607 Superest
549 1528 585 1585 ut
609 1520 759 1604 expedite
783 1520 951 1584 ostendam
975 1519 1100 1603 quibus
1126 1522 1308 1602 praecipue
1333 1522 1425 1586 311113
1448 1523 1562 1587 Latina

329 1623 508 1705 Pasquierii
532 1625 680 1704 poemata
694 1621 916 1701 inquinentur,
934 1621 1003 1682 sive
1026 1619 1060 1681 in
1083 1619 1275 1697 scribenda,
1292 1622 1361 1699 sive
1382 1621 1563 1706 133313111-

328 1721 451 1786 33333.

370 1888 496 1954 [31133
524 1885 665 1969 quidem
701 1885 821 1967 113333
860 1883 945 1948 haud
983 1885 1130 1967 imperite
1158 1885 1260 1948 utitur
1287 1891 1410 1963 noster,
1441 1893 1475 1949 ut
1507 1887 1562 1970 qui

329 2005 515 2052 sermonem
531 2003 605 2048 eum
621 2003 703 2068 3331
710 1983 866 2058 hauserit,
878 1983 965 2046 omni
975 1983 1051 2046 vitae
1065 1989 1212 2066 tempore
1224 1987 1442 2067 usurpaverit,
1454 2005 1562 2070 neque

328 2106 471 2170 unquam
481 2086 586 2169 impar
598 2084 697 2147 fuerit
711 2088 766 2146 aut
776 2081 874 2146 latine
889 2081 1073 2159 scribendo,
1090 2083 1255 2146 autetiam
1270 2083 1370 2148 latine
1384 2083 1559 2168 loquendo.

330 2186 357 2250 N
361 2206 398 2251 ec
413 2204 511 2250 unam
527 2183 732 2269 particulam,
744 2202 844 2246 unum
859 2180 1114 2264 quasiangulum
1134 2180 1314 2245 Latinitatis
1331 2191 1560 2267 occupaverat,

329 2285 417 2348 illam
443 2282 568 2348 scilicet
591 2281 769 2346 Classicam
786 2279 930 2363 linguam
947 2299 1018 2362 quae
1032 2280 1117 2343 13113
1140 2299 1260 2363 333333
1275 2300 1377 2345 annos
1387 2280 1560 2360 clauditur,
1655 2363 1657 2370 y

327 2383 381 2449 vel
390 2389 457 2448 tota
466 2401 532 2446 uno
541 2381 701 2446 Cicerone
709 2379 904 2442 continetur.
917 2378 1107 2461 Quanquam
1119 2376 1229 2443 florem
1241 2378 1331 2442 illum
1342 2379 1433 2444 latini
1443 2398 1565 2444 sermo·

327 2485 377 2548 nis
391 2481 484 2547 avide
499 2481 706 2563 decerpserat
719 2483 842 2555 noster,
860 2484 969 2542 tamen
987 2477 1093 2541 studio
1109 2478 1248 2560 quodam
1258 2479 1379 2562 ingenii
1395 2481 1445 2544 sui
1455 2481 1562 2564 potius

326 2583 360 2647 in
374 2581 575 2646 Martialem
601 2577 655 2642 vel
688 2577 899 2651 Α33331331,
928 2577 1023 2641 etiam
1037 2579 1070 2640 in
1091 2579 1164 2642 ι133.
1202 2578 1564 2646 8333333331313111

327 2679 467 2745 videtur.
504 2679 627 2761 Lingua
657 2695 738 2760 ergo
771 2677 873 2739 utitur
898 2695 965 2739 non
987 2674 1159 2740 admodum
1182 2696 1263 2760 pura
1285 2683 1319 2740 et
1340 2678 1479 2755 sincera,
1505 2679 1562 2742 sed

328 2780 414 2843 vitiis
440 2777 642 2862 quibusdam,
663 2796 794 2860 quaeex
809 2776 969 2860 suspectis
990 2775 1177 2839 auctoribus
1206 2776 1370 2852 hauserat,
1394 2784 1561 2862 corrupta.

328 2881 396 2942 lmo
410 2878 552 2960 linguam
567 2876 698 2940 adhibet
707 2876 816 2939 verbis
826 2875 942 2939 artium
959 2874 1098 2958 plurium
1114 2875 1263 2958 propriis,
1271 2875 1356 2958 juris
1367 2878 1560 2960 praesertim,

328 2983 468 3054 auctam,
485 2975 541 3040 sed
564 2977 774 3060 inquinatam.
793 2975 871 3039 inde
895 2993 1079 3039 sermonem
1101 2974 1162 3038 sibi
1184 2981 1441 3058 comparaverat,
1466 2995 1562 3059 quem

329 3080 418 3140 certe
447 3075 648 3158 respuissent
670 3075 775 3151 Maro,
800 3072 934 3150 Tullius
962 3073 1017 3137 vel
1033 3073 1261 3150 Quintilianus,
1286 3075 1341 3156 qui
1362 3081 1473 3139 tamen
1496 3095 1562 3139 non

329 3172 552 3256 aspernandus
566 3180 626 3249 est,
643 3193 746 3256 eaque
760 3173 857 3238 laude
870 3175 902 3237 in
925 3173 1037 3257 primis
1052 3173 1151 3249 valet,
1164 3173 1249 3255 quod
1273 3192 1383 3237 veram
1400 3180 1432 3238 et
1454 3179 1563 3239 vivam

329 3272 472 3357 linguam
495 3272 634 3349 redolet,
655 3292 721 3337 non
743 3272 901 3337 adscitum
927 3292 1113 3336 sermonem
1137 3275 1233 3335 istum
1256 3274 1358 3337 mult-0
1381 3273 1494 3338 labore
1521 3274 1562 3338 ad

329 3379 500 3436 auctorum
515 3370 683 3455 exemplar
695 3372 832 3454 singulis
846 3371 955 3436 verbis
965 3389 1004 3435 ac
1018 3373 1189 3435 sententiis
1204 3371 1360 3435 effictum.

371 3471 442 3538 Non
459 3470 585 3534 animus
599 3476 649 3534 est
662 3471 789 3554 singula
803 3471 958 3534 orationis
981 3472 1058 3534 vitia
1080 3469 1346 3554 deprehendere;
1362 3491 1433 3555 quae
1448 3490 1561 3556 parum

329 3570 441 3646 latine,
469 3571 679 3652 grammatice
705 3587 819 3653 parum
849 3572 969 3652 scripta
990 3574 1076 3642 sunt,
1103 3569 1281 3652 corripere.
1306 3568 1401 3643 Quod
1425 3590 1487 3635 nec
1509 3590 1562 3636 res

243 3727 248 3744 ,
329 3667 483 3754 33313131,
502 3685 564 3732 333
592 3666 656 3731 1311
678 3667 813 3751 hujusce
842 3667 988 3750 opusculi
1012 3684 1176 3731 mensura.
1201 3667 1282 3732 Sunt
1295 3669 1395 3733 verba
1409 3689 1481 3753 quae
1508 3675 1564 3734 aut

331 3768 481 3843 barbara,
498 3772 552 3830 aut
567 3765 681 3830 saltem
695 3771 845 3850 suspecta
858 3772 934 3829 sunt
948 3766 973 3828 ².
987 3767 1564 3852 83133133331133133333133131

331 3867 469 3951 diligens
484 3864 613 3950 quidam
629 3865 859 3950 grammaticus
882 3866 906 3925 ⁵.
932 3863 995 3930 Sed
1018 3865 1134 3932 menda
1149 3867 1211 3933 ista
1229 3872 1386 3933 excutere
1407 3868 1448 3932 ad
1462 3887 1561 3932 unum

363 4103 403 4155 1«
419 4103 471 4166 Qui
493 4119 528 4155 ne
550 4107 615 4156 sont
636 4119 690 4172 que
711 4102 916 4166 bouffonneries
931 4119 955 4165 »,
971 4104 1005 4165 ll,
1020 4121 1047 4172 p.
1061 4105 1119 4159 218.
1136 4106 1254 4160 Eosdem
1275 4112 1355 4160 vocat
1377 4123 1392 4160 3
1406 4123 1452 4161 333
1470 4109 1561 4177 Bigar·

331 4203 410 4240 rures
424 4204 449 4250 »,
460 4186 506 4240 331
518 4201 533 4238 «
548 4201 593 4238 see
607 4185 776 4254 Grotesques
790 4201 815 4248 3,
828 4184 894 4237 ibid.

364 4277 377 4317 ²
393 4279 464 4332 «Au
474 4278 621 4346 jugement
634 4275 699 4327 d'un
713 4275 805 4328 mieux
818 4275 853 4327 ne
867 4280 931 4328 sont
945 4276 1029 4329 belles
1041 4278 1129 4346 (leurs
1142 4294 1167 4340 u,
1182 4278 1217 4341 II,
1232 4278 1289 4333 218.

364 4368 376 4408 ³
392 4368 426 4423 V.
442 4367 564 4428 iconum,
578 4365 626 4417 lib.
642 4367 664 4428 1,
679 4365 726 4418 130
740 4363 800 4430 (nd.
814 4365 931 4431 Amstel,
945 4381 972 4434 p.
987 4365 1072 4433 lael).

364 4458 522 4512 1111131333
544 4460 603 4526 (313
622 4454 748 4524 vulgari:
776 4456 905 4521 Trivissc)
928 4457 1032 4525 <Epign
1056 4458 1078 4524 I,
1092 4456 1144 4524 49).
1172 4458 1224 4510 Uni
1245 4474 1294 4528 pro
1317 4461 1563 4528 33133(1333.,ΙΙ,

332 4558 358 4610 p.
371 4541 431 4605 287,
444 4541 493 4595 Ed.
506 4540 591 4606 1618).

364 4631 375 4670 ⁵
392 4633 425 4685 V.
441 4625 533 4701 Epigr.
550 4633 571 4694 Ι,
585 4631 615 4684 ll
630 4648 645 4683 3
660 4630 772 4683 alium»
789 4631 881 4700 posuit
903 4646 951 4698 pro
967 4649 981 4682 «
1003 4631 1120 4684 alterum
1135 4648 1158 4684 a.
1182 4660 1214 4670 -
1234 4631 1327 4702 Epigr.
1345 4633 1390 4695 VI,
1403 4634 1427 4687 4.
1443 4635 1564 4704 «Hujus

337 4711 474 4767 sollicitus
496 4730 557 4768 ...3
571 4713 614 4770 cf.
629 4713 723 4783 Epigr.
738 4713 770 4778 V,
784 4713 826 4781 35,
846 4712 1003 4778 111,17,86.
