3614 5442
499 812 548 864 11.
563 840 594 848 -—
611 813 668 864 De
685 813 856 866 Tumults
875 825 943 866 seu
960 815 1188 880 Epitaphfls.

270 991 340 1055 Etsi
358 990 486 1055 titulum
509 1011 643 1075 gravem
665 1011 704 1058 ac
725 1013 817 1077 paene
844 993 980 1058 feralem
995 1013 1070 1079 'prae
1088 1015 1123 1060 se
1144 997 1254 1060 icrunt
1274 997 1464 1078 Epitaphia

230 1109 288 1153 sou
317 1090 469 1167 Tutttuli,
498 1109 577 1155 cavo
604 1109 646 1154 no
673 1112 716 1156 ox
739 1091 802 1157 illis
825 1093 983 1159 moeroris
1012 1095 1161 1170 multum,
1185 1097 1239 1161 vel
1270 1095 1463 1160 Christianae

229 1189 368 1252 tristitiae
395 1189 520 1272 exigas.
550 1189 674 1272 Saepius
695 1196 727 1254 ot
753 1188 786 1252 in
808 1189 869 1256 hac
895 1210 933 1255 re
959 1192 1168 1274 Pasquierius
1194 1193 1336 1278 jocatur,
1365 1179 1462 1276 gonio

228 1286 387 1372 indulget.
413 1288 526 1372 Neque
546 1289 712 1353 incautum
731 1291 814 1373 rapit
836 1291 1007 1366 lectorem,
1032 1293 1185 1374 quoniam
1209 1293 1318 1357 statim
1342 1292 1375 1355 in
1399 1292 1462 1357 odo

229 1387 332 1469 prima
349 1388 359 1428 ¹
376 1405 450 1451 eum
465 1387 512 1451 sic
526 1394 657 1452 monet:

484 1552 585 1606 «Sunt
602 1552 684 1604 etiam
702 1551 851 1622 lachrymis
869 1551 974 1606 ludicra
993 1553 1077 1606 mixta
1095 1554 1173 1607 moia.
1193 1572 1208 1607 ›>

272 1707 345 1772 Non
360 1716 448 1774 certo
468 1708 586 1773 dosunt
599 1709 805 1775 laudationes
819 1711 942 1794 aliquot
957 1711 1124 1789 funebres,
1142 1733 1214 1794 quae
1233 1718 1288 1777 aut
1309 1713 1460 1786 veritato,

230 1812 286 1870 aut
311 1805 424 1872 dolore
454 1807 605 1891 quodam,
634 1808 835 1892 plerumque
857 1815 966 1874 tamen
1000 1828 1111 1873 rerum
1149 1809 1308 1875 brevitate
1338 1809 1460 1874 valent.

230 1906 348 1970 Frano.
383 1907 486 1972 Guisii
501 1910 526 1984 ²,
543 1908 698 1992 Gasparis
727 1907 912 1992 Colignaei3
937 1909 1120 1992 Epitaphia,
1151 1928 1335 1992 quanquam
1366 1907 1461 1992 paulo

229 2005 381 2069 laudibus
395 2006 581 2082 incertiora,
596 2027 614 2070 a
627 2012 792 2071 tantorum
806 2008 952 2071 virorum
968 2008 1091 2072 meritis
1104 2027 1170 2071 non
1184 2009 1228 2072 ita
1242 2008 1372 2072 absunt.
1390 2008 1462 2070 Non

232 2111 322 2169 caret
337 2105 493 2190 dignitate
507 2106 645 2187 quadam
661 2105 771 2170 Carol.
787 2107 929 2171 Molinaei
939 2106 1165 2191 jurisconsulti
1179 2107 1336 2170 Tumulus
1355 2107 1380 2183 ἃ,
1400 2125 1462 2170 nec

231 2210 402 2268 venustate
417 2204 555 2270 Othonis
567 2205 708 2269 Turnebi
725 2206 750 2268 5.
771 2205 934 2269 Nonnulla
951 2205 1013 2269 alia
1031 2205 1200 2288 poematia,
1221 2204 1327 2269 forma
1343 2205 1463 2288 simpli-

232 2302 331 2378 ciore,
352 2303 532 2369 sinceriore
547 2323 656 2377 sensu,
674 2304 766 2368 citari
779 2309 925 2387 possent.

270 2426 397 2491 Verum
422 2426 617 2492 Paschasius
644 2425 725 2491 adeo
751 2426 875 2510 ingenii
900 2426 1050 2490 acumina
1075 2424 1230 2491 affectare
1257 2427 1403 2491 assuevit
1447 2433 1463 2500 ¹t

229 2524 279 2590 his
302 2526 468 2591 abstinere
490 2531 642 2610 nequeat,
667 2525 794 2590 etiamsi
815 2524 994 2608 lugendum
1013 2525 1117 2589 virum
1137 2525 1198 2589 sibi
1216 2524 1460 2590 dilectissimum

229 2625 421 2708 susceperit.
447 2626 519 2690 Pet.
544 2625 683 2689 Ramum
710 2623 787 2687 dum
813 2623 923 2701 deflet,
952 2643 1018 2687 non
1045 2626 1128 2710 potis
1155 2631 1205 2690 est
1230 2626 1306 2710 quin
1333 2626 1462 2710 longius

228 2720 344 2786 illudat
357 2723 453 2787 morti
472 2724 612 2787 hominis
630 2725 696 2806 qui,
711 2728 747 2786 ut
761 2723 873 2798 scitur,
899 2723 991 2806 aquis
1014 2722 1104 2788 fluvii
1122 2743 1141 2788 a
1160 2723 1253 2808 plebe
1276 2725 1461 2799 immersus,

229 2819 316 2884 haud
341 2829 431 2887 certo
455 2823 580 2886 tumulo
603 2823 723 2908 potitus
746 2827 803 2886 cst.
825 2822 920 2887 Unde
940 2823 1014 2900 hoc,
1032 2823 1133 2906 magis
1147 2822 1351 2908 ingeniosum
1365 2843 1460 2907 quam

229 2919 351 2984 decens
363 2941 370 2984 :

454 3077 457 3084 ’
484 3101 499 3135 u
514 3083 566 3144 Qui
585 3084 730 3137 Geometra
748 3083 839 3136 animo
857 3086 965 3136 tantum
983 3081 1092 3135 telluris
1107 3081 1203 3146 obivit,

559 3166 620 3220 Uno
638 3181 694 3219 non
712 3167 810 3234 potuit'
821 3169 947 3219 mortuus
966 3181 1027 3219 esse
1044 3166 1106 3219 loco
1121 3182 1135 3217 ›>
1148 3165 1169 3218 ⁶.

272 3333 394 3417 Saepius
409 3331 510 3396 verba
526 3330 635 3397 verbis
650 3349 817 3416 opponere
834 3337 865 3395 et
878 3332 1005 3396 variare
1020 3332 1064 3395 ita
1077 3336 1164 3395 amat
1184 3337 1221 3395 ut
1239 3349 1331 3414 paene
1351 3349 1460 3395 rerum

229 3450 340 3495 curam
355 3431 504 3494 omittere
519 3429 681 3494 videatur.
698 3427 792 3504 Quod
807 3428 843 3492 fit
857 3428 890 3492 in
905 3428 1029 3513 Oppiae
1042 3428 1176 3494 vestalis
1192 3428 1335 3492 tumulo:

403 3626 416 3661 u
436 3609 508 3664 Siste
526 3613 554 3662 et
571 3609 724 3662 mirandum
743 3609 795 3662 hoc
814 3609 1054 3678 miserandumque
1072 3609 1186 3678 aspice:
1206 3608 1289 3676 Virgo

505 3693 568 3745 Non
585 3691 673 3760 virgo,
692 3691 799 3744 tumulo
817 3707 873 3744 non
891 3691 1026 3744 tumulata
1044 3696 1123 3759 tegor
1136 3707 1151 3743 ›>
1164 3691 1184 3742 l.

269 3892 311 3904 -
325 3859 360 3920 ln
371 3856 533 3941 epitaphio
543 3857 726 3940 pracsertim
735 3858 802 3920 Jos.
818 3855 926 3920 Molaei
935 3853 1032 3939 (quod
1041 3854 1213 3919 retulimus
1223 3854 1347 3918 initium
1360 3853 1461 3917 fuisso

261 4108 401 4180 1Epitl.

261 4208 341 4279 ²Ep.
370 4211 396 4262 4.
426 4239 456 4246 -
484 4207 616 4277 Ejusdem
642 4206 811 4278 epitaphium
839 4207 965 4280 alterum!
988 4207 1109 4276 reperies
1136 4206 1164 4259 in
1192 4206 1302 4276 epistol.
1338 4205 1416 4260 XIX.
1448 4207 1462 4258 4

229 4295 262 4359 (t,
277 4294 312 4355 ll,
326 4309 373 4361 pp.
387 4291 519 4356 aalma).

261 4390 341 4458 ³Ep.
362 4390 401 4442 13.

262 4488 341 4557 tnp.
361 4488 403 4540 at.

262 4587 341 4656 5Ep.
360 4588 403 4640 34.

262 4686 343 4756 ⁶Ep.
361 4685 403 4739 ⁶28.

263 4784 343 4855 ⁷Ep.
378 4785 403 4837 t.
