3614 5442
871 430 1002 486 ..28-

502 629 568 684 lnde
583 628 708 692 cadaver,
723 632 751 680 et
764 627 792 680 id
806 642 950 697 procerum
965 625 1085 697 stipante
1099 642 1211 692 corona,

568 714 636 766 Post
650 711 712 774 hoc,
728 710 819 780 ampla
833 709 885 763 viri
898 710 1021 763 mascula
1035 710 1191 779 progenies.

502 794 623 848 Tandem
637 793 684 846 alii
699 792 782 847 variis
797 809 830 845 ex
844 791 1041 861 ordinibusque
1055 793 1146 846 vocati

569 874 734 940 Procedunt,
750 875 834 944 longo
846 880 878 926 ut
891 890 992 944 corpus
1007 872 1110 927 honore
1124 874 1226 927 colant.

508 987 533 996 -
548 959 617 1012 Ecce
631 962 723 1010 autem
738 961 802 1025 post
815 961 871 1008 tam
885 956 989 1008 clarum
1003 955 1194 1025 celebremque
1209 955 1379 1025 triumphum

568 1040 634 1093 Sors
648 1039 689 1092 sic
702 1037 786 1091 elusit
797 1037 902 1090 funeris
915 1038 1076 1106 exsequias:

503 1121 676 1178 Stercoribus
690 1120 826 1190 siquidem
839 1118 951 1173 rhedam
968 1121 1086 1189 timeque
1100 1120 1229 1172 refertam

568 1204 704 1270 Vidimus,
719 1205 773 1257 heu
788 1221 864 1270 casu,
880 1201 956 1268 tanta
970 1203 1094 1273 trophaea
1110 1202 1197 1272 sequi.

503 1288 632 1341 Fortunae
646 1301 662 1340 o
675 1286 825 1356 specimen,
842 1285 910 1339 mira
924 1291 951 1338 et
965 1284 1088 1349 solertia,
1104 1301 1165 1354 quae
1178 1300 1230 1338 nos

569 1368 606 1423 Ut
619 1369 726 1432 fimum,
740 1365 780 1421 sic
792 1366 851 1420 haec
863 1367 960 1420 funera
970 1383 1041 1420 vana
1055 1366 1144 1419 docet.
1164 1382 1179 1416 e
1192 1365 1202 1404 1

364 1534 565 1618 Quandoque
588 1537 674 1600 inter
696 1535 938 1618 Epigrammata
960 1527 1113 1597 fabellam
1135 1534 1250 1598 inserit
1271 1533 1476 1611 Paschasius,
1500 1539 1557 1598 aut

321 1633 476 1700 comediae
511 1635 602 1718 quasi
634 1631 836 1718 particulam,
867 1651 939 1715 quae
971 1632 1130 1696 concinna
1154 1631 1327 1708 brevitate,
1358 1638 1414 1696 aut
1442 1632 1555 1717 sapida

321 1733 523 1818 ingenuitate
538 1751 604 1797 non
618 1730 800 1817 displicent.
817 1731 871 1796 Sic
880 1731 1039 1815 juvenem
1053 1749 1193 1813 nequam
1211 1730 1245 1794 in
1259 1750 1392 1796 scenam
1407 1731 1530 1796 inducit
1545 1753 1553 1796 :

477 1908 480 1914 ’
520 1931 535 1966 «
554 1912 692 1981 Quidquid
705 1911 833 1976 consilio,
847 1910 980 1981 quidquid
993 1916 1140 1982 praestatur
1158 1917 1185 1964 et
1202 1917 1271 1974 arte,

618 1995 757 2059 Doctrina,
771 1994 893 2057 monitis,
907 1994 1075 2064 sumptibus,
1090 1993 1215 2066 ingenio,

520 2077 662 2134 Praestitit
675 2078 744 2131 banc
756 2093 867 2148 operam
880 2082 945 2130 nato
958 2076 1003 2146 pia
1016 2092 1081 2130 cura
1095 2075 1261 2144 parentis...

587 2159 641 2214 Sed
655 2164 733 2228 pater
746 2162 777 2212 ut
790 2157 914 2230 moritur,
930 2173 1030 2226 corpus
1044 2174 1106 2210 cum
1121 2157 1207 2210 crevit
1221 2164 1248 2210 et
1261 2163 1345 2220 aetas,

620 2239 799 2309 Libertasque
813 2240 904 2293 animo
918 2238 1019 2308 serpsit
1031 2254 1139 2291 amoena
1153 2255 1216 2302 sue,

502 2371 508 2385 ,
522 2321 653 2391 Dissipat,
667 2321 792 2382 effundit,
807 2320 946 2374 consumit
959 2326 986 2373 et
1000 2319 1092 2374 omnia
1105 2320 1205 2389 perdit,

587 2405 645 2458 Nec
657 2402 806 2472 quidquam
820 2401 915 2456 videas
929 2402 981 2456 hoc
996 2401 1190 2455 miserabilius.

522 2486 656 2540 Omnibus
669 2483 822 2547 exhaustis,
836 2500 909 2537 nunc
923 2483 973 2538 bas
987 2485 1056 2554 petit
1069 2485 1116 2537 ille
1130 2485 1268 2549 tabernas,

588 2569 670 2622 Nunc
682 2566 755 2629 illas,
768 2567 872 2621 victum
886 2583 940 2636 quo
954 2565 1007 2620 sibi
1021 2572 1134 2635 quaerat
1147 2566 1239 2637 inops.
1251 2607 1269 2620 ..
1286 2568 1319 2619 »ἱ

326 2735 393 2798 Res
409 2753 489 2799 sane
503 2732 671 2798 desideres
686 2749 842 2816 expresse
857 2732 960 2816 magis
975 2731 1153 2816 descriptas
1168 2739 1201 2796 et
1224 2733 1264 2797 ad
1280 2752 1378 2798 veros
1402 2731 1558 2817 temporis

326 2851 435 2897 mores
453 2833 555 2917 magis
572 2831 842 2908 accommodatas,
863 2830 970 2896 fateor
982 2829 1065 2913 ;]sed
1084 2830 1329 2916 qualiscumque
1339 2837 1400 2909 est,
1412 2851 1451 2896 ea
1461 2832 1559 2896 nebu-

325 2931 423 3002 lonis,
440 2932 644 2998 adumbratio
668 2931 707 2996 ad
731 2929 982 2996 exterrendosa
1005 2929 1085 2993 luxu
1112 2938 1247 3015 nepotes
1273 2931 1381 3009 valet,
1414 2932 1441 2994 si
1470 2930 1558 2996 valet

325 3029 511 3114 quidquam.
585 3081 587 3084 .

365 3156 538 3241 Antapono
560 3161 671 3221 tamen
691 3155 834 3220 fabulam
849 3153 934 3220 banc
958 3155 1000 3220 de
1019 3157 1174 3221 Patrono
1189 3159 1220 3220 et
1242 3155 1421 3235 Ruricolo,
1439 3155 1472 3218 in
1494 3174 1557 3238 qua

326 3259 441 3320 natura
457 3260 490 3318 et
505 3272 614 3319 mores
628 3253 796 3318 hominum
810 3271 876 3317 non
888 3253 973 3316 laeve
987 3251 1225 3337 depinguntur:

572 3449 586 3483 a
606 3432 677 3484 Sues
690 3429 779 3483 Gallia
793 3429 857 3482 dum
872 3427 957 3498 gemit
970 3428 1075 3490 ruinas,

604 3512 667 3567 Acri
679 3517 776 3567 vectus
791 3527 861 3581 equo
874 3509 1012 3564 insidebat
1022 3510 1112 3575 Ollus,

605 3597 725 3665 Magnus
739 3594 786 3647 ille
800 3593 852 3647 fori
865 3593 1004 3647 Lutetiani

606 3679 752 3740 Patronus,
766 3674 850 3729 variis
863 3681 963 3744 potens
976 3673 1080 3744 rapinis
1091 3691 1098 3740 ;

606 3761 641 3814 Et
653 3774 738 3828 quum
752 3774 782 3811 se
795 3755 869 3810 iacili
884 3756 936 3811 viae
950 3755 1074 3809 dedisset
1149 3823 1151 3830 .

605 3845 674 3897 Ecce
688 3839 834 3894 ruricolam
846 3839 922 3893 videt
936 3845 1088 3892 canentem.

607 3924 680 3988 Quid
694 3924 746 3977 hoc
759 3923 820 3978 vult
834 3920 908 3978 sibit
922 3921 1181 3983 sciscitaturollus,

583 4005 585 4008 ’
606 4013 644 4068 Ut
655 4007 728 4064 inter
741 4009 836 4079 patriae
850 4026 908 4063 suae
923 4009 1059 4063 tumultus

607 4099 647 4149 Ac
659 4100 769 4163 strages
784 4099 864 4146 canat
877 4108 950 4146 unus
963 4091 1008 4146 hic
1022 4087 1148 4161 egenus?

606 4177 649 4232 Ad
664 4192 745 4246 quem
760 4175 800 4229 sic
814 4191 923 4229 comes:
940 4174 1012 4229 Illud
1026 4178 1068 4228 est
1080 4179 1187 4245 poetae:

607 4258 736 4314 Cantabit
749 4274 854 4313 vacuus
868 4273 960 4312 coram
975 4260 1093 4312 Latrone
1107 4256 1205 4312 viator.
1221 4256 1260 4308 »³

358 4550 369 4589 1
384 4552 434 4622 Ep.
449 4552 509 4616 Vll,
524 4552 565 4604 77.

359 4660 371 4698 ²
389 4659 439 4728 Ep.
454 4659 502 4721 ΙΙΙ,
515 4659 556 4712 21.
572 4659 604 4712 ln
618 4655 758 4712 Perillum.

358 4766 371 4804 ³
389 4766 437 4835 llp.
453 4766 530 4829 1‚3o.
545 4767 576 4821 In
590 4764 683 4820 Ollum
697 4763 757 4832 (Ed.
773 4762 919 4829 PetibPas,
932 4779 960 4836 p.
981 4760 1032 4827 19).

727 5023 839 5079 ,ψει-ἵ,

590 5068 726 5152 Ι
