3614 5442
926 388 1054 446 ..10-

373 594 405 653 et
434 586 557 653 sontem
585 588 673 654 unde
699 590 807 654 omnia
833 589 934 654 latina
965 597 1115 675 poemata
1144 589 1325 676 defluxere)
1356 591 1464 656 omnia
1488 592 1608 656 mentis

373 686 501 752 subtilis
519 689 679 767 acumina,
696 689 818 754 lumina
832 691 940 756 omnia
952 691 1096 775 protulit.
1113 691 1227 756 Finem
1242 691 1342 756 citare
1357 691 1435 756 satis
1449 692 1508 756 sit:

603 852 630 888 α.
641 874 664 888 ..
687 837 742 890 Vos
759 841 851 890 tamen
865 838 988 893 Veneres
1004 837 1220 911 Cupidinesque,

686 918 743 972 Vos
760 924 853 972 tamen
871 918 996 974 Charites
1013 922 1197 982 venustiores,

688 1001 723 1054 Et
739 1000 869 1071 quiequid
885 1003 955 1072 tegit
971 1002 1063 1072 ampla
1080 1003 1165 1071 Regis
1182 1002 1246 1056 aula

686 1082 797 1149 Molliti,
815 1083 899 1154 lepidi
917 1089 1000 1154 atque
1018 1085 1169 1148 mollicelh'‚

687 1166 836 1229 Mellitum,
855 1165 988 1237 lepidum,
1006 1171 1088 1236 atque
1107 1167 1285 1220 molbcellum

688 1248 764 1302 Flete
782 1247 911 1312 molliter,
929 1255 960 1302 ut
977 1249 1102 1304 misellus
1120 1249 1165 1303 hic
1181 1249 1229 1319 qui

688 1331 774 1384 Vobis
786 1330 879 1387 vivere
893 1331 1013 1385 molliter
1030 1332 1138 1385 solebat

687 1415 816 1468 Mortuus
834 1413 886 1467 sibi
904 1414 1025 1468 molliter
1041 1415 1165 1484 quiescat
1178 1413 1227 1467 »1.

416 1581 456 1591 -
468 1545 495 1608 Ν
498 1563 584 1609 onue
598 1563 689 1608 mera
703 1550 778 1610 sunt
792 1544 862 1609 haec
871 1545 1048 1610 verborum
1062 1544 1244 1610 lenocinia?
1260 1544 1376 1610 Nonne
1390 1543 1520 1630 lepores
1535 1546 1606 1630 plus

376 1662 472 1727 quam
487 1641 684 1710 Catulliani?

418 1742 481 1817 Qui
495 1741 561 1805 sint
579 1743 709 1826 generis
724 1741 841 1827 poetici
856 1741 938 1808 fines
961 1743 1079 1808 leviter
1095 1761 1210 1808 curare
1233 1741 1439 1825 Pasquierius
1464 1742 1604 1816 videtur,

378 1859 439 1905 uec
452 1838 577 1904 dubitat
591 1858 635 1905 ex
649 1839 819 1924 Epitaphio
840 1861 929 1906 nunc
949 1840 1088 1907 Satiram
1104 1843 1129 1919 ²,
1153 1861 1241 1907 nuno
1264 1839 1378 1905 saltem
1399 1840 1606 1925 Epigramma

376 1939 509 2004 ducere.
541 1939 595 2006 Sic
617 1941 652 2004 in
677 1941 800 2005 tumulo
828 1940 953 2026 AEgidii
982 1940 1118 2006 Burdini
1144 1939 1276 2024 judicic,
1303 1942 1452 2024 perpetui
1484 1939 1607 2024 sterteji

376 2039 477 2118 iliius,
494 2040 634 2105 sustinet
647 2045 761 2104 noster
768 2039 917 2125 jocosam
939 2039 1081 2106 fabulam
1103 2041 1138 2104 in
1159 2039 1341 2124 Epitaphio,
1365 2045 1400 2103 ut
1424 2040 1469 2104 ita
1490 2039 1605 2116 dicam,

377 2141 524 2204 inserere
540 2140 564 2202 ³.
577 2137 731 2224 Ejusdem
749 2138 835 2203 modi
850 2146 900 2204 est
912 2138 1047 2204 historia
1059 2138 1221 2222 illaquam
1232 2137 1607 2223 dogitpoetasepulohro

377 2239 449 2322 ipso
479 2238 705 2302 Parmenionis
737 2245 910 2302 narratam.
924 2241 948 2317 ²,
981 2258 1054 2323 quae
1083 2238 1213 2322 longior
1245 2237 1447 2321 aliquantulo
1483 2241 1544 2315 est,
1576 2243 1609 2300 et

376 2337 567 2423 improbior,
594 2357 692 2421 quam
711 2343 746 2401 ut
762 2336 937 2402 referatur.
963 2340 1070 2422 AEgre
1092 2343 1200 2401 tamen
1224 2342 1385 2422 praetereo
1407 2355 1523 2421 poema
1545 2355 1607 2420 quo

372 2435 549 2521 jucundius
567 2436 694 2500 nullum
708 2435 777 2501 iere
793 2441 824 2499 in
835 2442 904 2500 toto
914 2435 1123 2500 Tumulorum
1138 2435 1222 2500 libro
1238 2437 1394 2520 reperias.

420 2537 489 2600 Nec
517 2534 685 2600 blanditiae
716 2536 802 2599 inter
824 2534 995 2619 Epitaphia
1024 2534 1156 2600 desunt.
1188 2537 1390 2619 Argumento
1419 2539 1469 2599 est
1496 2534 1607 2600 Gelliae

379 2635 536 2712 tumulus,
566 2633 681 2699 Gelliae
710 2633 856 2697 saevioris
891 2632 1007 2718 puellae
1039 2652 1123 2717 quae,
1157 2652 1214 2718 pro
1245 2651 1348 2707 more,
1385 2652 1459 2698 cum
1492 2631 1608 2718 frigido

379 2751 543 2799 marmore
559 2739 783 2817 comparatur:

626 2905 641 2941 «
660 2890 738 2942 Hane
752 2890 775 2941 si
790 2890 859 2944 forte
873 2888 950 2943 vides
964 2888 1018 2941 isto
1032 2889 1084 2941 sub
1100 2903 1233 2941 marmore
1247 2887 1338 2950 condi,

724 2970 812 3026 Gellia
825 2988 910 3041 quum
923 2971 992 3025 vixit
1006 2971 1148 3023 marmoris
1161 2970 1248 3023 instar
1260 2975 1318 3023 erat
1332 2986 1348 3022 »
1358 2969 1378 3022 5.

420 3107 473 3172 Ex
487 3105 549 3169 hoc
563 3105 744 3189 praesertim
760 3111 895 3190 apparet
908 3103 1134 3189 Pasquie'rium
1155 3103 1210 3168 vel
1223 3103 1256 3167 in
1279 3102 1512 3188 componendis
1534 3101 1609 3188 Epi-

372 3203 496 3288 ‘taphiis
524 3202 652 3281 lusisse,
672 3203 758 3289 quod
774 3203 835 3268 sibi
861 3209 1045 3288 temperare
1071 3222 1137 3266 non
1163 3205 1267 3287 potuit
1293 3205 1381 3288 quin,
1410 3201 1607 3267 lascivientis

380 3302 566 3367 scholastici
590 3302 655 3367 ritu
682 3301 856 3385 modoque,
884 3302 1048 3366 interdum
1075 3307 1130 3366 aut
1155 3303 1286 3366 nomina
1312 3300 1479 3366 hominum
1505 3301 1608 3367 facete

378 3406 591 3487 permutaret,
607 3406 664 3465 aut
676 3399 854 3466 lectoribus
868 3401 1039 3483 aenigmata
1053 3405 1259 3484 proponeret.

420 3502 573 3586 Legimus
591 3500 678 3565 enim
696 3500 729 3563 in
747 3498 920 3585 Epitaphio
939 3500 1020 3564 XII:

577 3663 592 3699 «
611 3647 699 3708 Quem
712 3647 803 3699 lucem
816 3647 847 3698 in
864 3648 960 3715 Burpo
973 3645 1045 3700 Galli
1061 3645 1154 3699 dixere
1170 3651 1285 3716 penates
1299 3645 1379 3699 uh...

381 3780 465 3858 Quid
486 3782 549 3847 hoo
572 3781 620 3846 rei
643 3779 717 3846 esti
741 3779 836 3856 Quod
857 3780 1008 3866 Sphingis
1022 3781 1219 3866 propositum
1233 3787 1283 3845 est
1297 3780 1458 3866 aenigma?
1471 3783 1569 3846 locus
1583 3782 1610 3846 is

411 4033 423 4072 1
441 4035 493 4104 Ep.
510 4034 552 4086 24.
568 4061 599 4072 -
615 4031 657 4086 Cf.
673 4030 766 4100 Epigr.
782 4031 830 4095 Ill,
843 4031 893 4085 90:
909 4031 974 4084 «oo
986 4031 1045 4084 los.
1061 4029 1170 4083 Molaeo
1183 4030 1317 4084 moriente
1327 4046 1351 4083 u.

410 4125 423 4164 a

413 4126 488 4287 ³211}
502 4125 544 4270 ἓξ.
559 4243 591 4254 -
614 4213 656 4268 Cf.
681 4212 811 4282 Ejusdem
831 4210 1000 4282 epitaphium
1014 4188 1126 4281 gallicis
1135 4210 1303 4264 carminibus
1317 4181 1463 4280 scriptum,
1476 4185 1496 4264 t.
1507 4211 1542 4274 ll,
1551 4210 1611 4265 939

378 4299 437 4354 931.

412 4390 488 4460 ‘Ep
501 4388 544 4444 48.

412 4479 487 4549 sup.
502 4479 544 4534 49.

412 4572 490 4642 ⁶Ep.
506 4571 546 4626 12.
562 4601 594 4610 -
615 4573 720 4625 Forsan
744 4570 797 4623 hoo
819 4569 848 4622 in
867 4570 929 4624 loco
951 4585 1006 4623 non
1028 4586 1042 4620 «
1058 4574 1172 4639 penates
1186 4571 1211 4632 ¹»,
1234 4567 1283 4621 sed
1305 4567 1404 4621 melius
1425 4570 1583 4636 «parentes
1597 4582 1610 4618 u

380 4655 527 4724 legendum
538 4660 589 4709 est.
601 4684 632 4693 -
643 4654 684 4708 Cf.
696 4659 716 4706 t.
727 4655 762 4718 ll,
773 4671 800 4723 p.
813 4653 872 4717 932,
883 4653 1008 4723 ejusdem
1018 4651 1206 4723 Epitaphium,
1216 4649 1323 4720 gallicis
1333 4650 1454 4703 numeris
1468 4647 1610 4718 scriptum,

379 4755 469 4810 neque
480 4737 549 4793 adeo
561 4736 699 4810 putidum.
