3614 5442
778 455 910 510 ..43-

222 657 401 722 verborum
412 657 529 722 tinnitu
543 662 743 742 corruptum,
754 654 880 740 largam
890 661 1000 719 tamen
1009 658 1152 717 mentem
1162 657 1193 717 et
1202 668 1281 716 vere
1289 648 1458 714 liberalem

221 757 418 840 Pasquierio
431 756 633 820 voluntatem
642 753 744 820 fuisse
758 753 937 838 significat:

409 953 425 990 <t
444 937 490 991 Nil
504 937 592 1005 magis
605 935 749 1005 antiquum
763 933 900 1004 quondam
915 932 1007 984 dixere
1022 929 1121 992 Latini,

509 1018 606 1072 Dicere
620 1035 681 1070 cum
697 1017 799 1070 vellent
813 1016 852 1068 nil
866 1013 1061 1069 venerabilius,

445 1102 504 1155 Hoc
518 1100 579 1153 ideo
591 1102 743 1166 (incautum
757 1098 811 1150 nisi
826 1113 869 1150 me
882 1095 1019 1150 sententia
1033 1097 1133 1159 verset)

511 1184 592 1246 Quod
604 1184 674 1237 ratio
689 1199 779 1236 mores
794 1184 945 1237 inveterata
958 1182 1065 1250 probet.

444 1265 595 1336 Antiquare
609 1272 701 1320 tamen
715 1265 783 1319 dixit
796 1265 952 1319 veneranda
964 1269 1099 1325 vetustae,

510 1347 619 1402 Tollere
632 1348 676 1401 cui
691 1349 767 1417 leges
782 1354 830 1400 aut
843 1347 953 1401 abolere
966 1346 1027 1399 suit.

446 1431 557 1485 Scilicet
569 1435 600 1484 ut
613 1430 734 1500 populns
748 1430 830 1484 sciret
843 1445 898 1483 non
912 1430 1003 1482 omnia
1016 1427 1120 1497 passim

511 1514 580 1567 Esse
593 1513 733 1581 sequenda
748 1513 801 1565 sihi
815 1529 876 1582 quae
890 1518 972 1567 vetus
985 1511 1052 1565 ordo
1066 1508 1139 1562 tulit.

444 1598 534 1665 Atque
548 1594 617 1649 adeo
631 1611 701 1649 nova
715 1594 770 1648 sint
784 1595 863 1647 nobis
878 1599 908 1648 ut
921 1594 1011 1664 prisca
1024 1591 1149 1652 colenda,

511 1677 540 1732 Si
554 1679 634 1731 modo
648 1694 709 1747 quae
724 1692 795 1731 nova
808 1677 864 1730 sint
877 1678 911 1729 de
925 1676 1038 1730 meliore
1052 1680 1127 1728 nota.

446 1759 491 1814 Sic
505 1760 588 1812 rebus
602 1775 712 1813 servare
726 1760 837 1812 modum
852 1766 904 1822 est,
919 1759 943 1811 si
956 1775 1008 1812 nec
1021 1774 1093 1812 nova
1106 1756 1214 1827 priscis,

513 1842 571 1895 Nec
583 1845 615 1894 tu
628 1841 718 1910 prisca
731 1841 811 1895 novis
825 1841 961 1894 deteriora
974 1846 1065 1910 putes.

446 1922 491 1977 Sic
505 1923 585 1976 nobis
599 1924 695 1976 melior
708 1925 763 1978 Lex
777 1930 819 1976 est
832 1940 893 1992 quae
907 1923 1055 1993 antiquior,
1068 1926 1150 1991 atque

512 2005 557 2060 Sic
569 2005 708 2076 antiquior
721 2010 763 2060 est
776 2023 837 2077 quae
851 2007 964 2060 meliora
976 2006 1063 2076 jubet.
1078 2022 1092 2057 »
1105 2004 1116 2043 ¹

272 2154 427 2220 Admiror
450 2155 598 2240 equidem
624 2156 776 2221 devotum
810 2154 1009 2242 applicandis
1035 2154 1162 2239 legibus
1188 2152 1366 2228 bominem,
1394 2156 1463 2216 tum

228 2255 320 2318 civili
338 2265 404 2318 tum
428 2253 554 2338 publico
573 2256 642 2340 juri
664 2255 869 2321 observando
887 2257 1099 2339 assignatum,
1124 2255 1233 2317 mente
1254 2251 1337 2316 adeo
1362 2250 1465 2315 libera

228 2354 333 2418 fuisse
349 2360 382 2417 ut
397 2352 583 2418 admitteret
596 2353 714 2438 aliquid
730 2355 764 2418 in
777 2354 896 2419 tradito
906 2353 983 2439 jure
997 2352 1190 2418 commutari
1200 2370 1306 2435 posse.
1322 2350 1370 2414 Ea
1382 2370 1464 2416 vexo

228 2453 337 2518 civilis
350 2455 454 2518 virtus
475 2453 547 2532 fuit,
573 2461 605 2520 et
631 2473 670 2518 eo
694 2454 826 2538 majoris
850 2455 943 2538 pretii
969 2452 1172 2518 recensenda
1194 2469 1258 2534 quo
1279 2449 1384 2515 rarius
1416 2457 1465 2514 ost

230 2551 384 2618 homines
407 2554 568 2618 exsistere
592 2556 646 2637 qui
670 2554 798 2618 modum
822 2572 895 2618 esse
909 2554 942 2616 in
963 2552 1062 2617 rebus
1084 2553 1255 2627 aestiment,
1271 2549 1325 2634 qui
1344 2568 1383 2614 eo
1402 2549 1466 2612 sint

229 2652 332 2715 animi
345 2651 464 2716 robore
479 2651 603 2736 praediti
618 2658 654 2717 ut
673 2652 933 2717 moderationem
949 2653 982 2716 in
998 2651 1203 2736 opinionibus
1221 2656 1318 2732 atque
1332 2651 1366 2713 in
1384 2648 1465 2713 actis

230 2747 418 2815 adhibeant.
448 2752 479 2814 ls
507 2756 616 2815 autern
638 2751 700 2815 init
724 2752 932 2834 Pasquierius
952 2751 1005 2835 qui
1030 2751 1159 2815 rariore
1186 2749 1315 2813 virtutis
1343 2766 1466 2831 genere

230 2845 384 2921 valuerit,
399 2867 498 2913 ausus
516 2849 640 2914 scilicet
654 2849 910 2914 moderationem
920 2849 954 2912 in
964 2849 1051 2913 omni
1064 2867 1101 2912 re
1112 2845 1464 2930 constanterprofiteri.

275 2945 354 3010 Haec
368 2953 465 3031 atque
479 2948 555 3012 talia
569 2947 609 3014 de
624 2948 736 3014 Rebus
751 2947 887 3032 publicis
906 2947 1129 3031 Pasquierins,
1141 2947 1236 3012 seriis
1250 2945 1367 3021 lassuS,
1382 2945 1468 3010 inter

223 3044 324 3129 jocos
351 3051 384 3110 et
406 3065 509 3131 nugas
530 3045 729 3112 admittebat.
751 3047 804 3111 Sic
831 3049 976 3112 animum
1006 3047 1092 3111 inter·
1118 3045 1232 3110 civiles
1257 3049 1468 3128 tempestates

233 3144 415 3220 refovebat,
435 3146 584 3229 aquibus
599 3152 742 3210 mentem
760 3146 882 3209 nonita
906 3145 1089 3217 amovebat,
1120 3143 1195 3208 dum
1218 3161 1334 3209 versus
1349 3141 1468 3207 latinos

167 3307 169 3312 ,
232 3242 444 3326 scriptitabat,
484 3249 519 3307 ut
553 3261 649 3307 sanas
676 3263 715 3308 ac
744 3243 869 3307 validas
896 3243 937 3308 de
965 3243 1050 3307 bono
1087 3241 1215 3326 publico
1252 3242 1468 3326 cogitationes

234 3339 390 3423 quasdam
406 3341 554 3406 inserere
569 3342 656 3406 inter
668 3340 795 3408 ludicra
810 3361 868 3407 sua
883 3341 1089 3407 obmitteret:

498 3529 513 3564 «
533 3513 591 3566 Hos
605 3513 744 3581 quondam
758 3512 811 3566 lusi
826 3513 954 3567 civilibus
969 3514 1084 3566 obrutus
1098 3513 1191 3576 armis,

597 3597 672 3648 luvit
686 3601 713 3647 et
727 3595 755 3647 iu
769 3595 858 3648 media
872 3596 967 3648 ludere
982 3612 1048 3664 pace
1058 3595 1131 3665 joca.

533 3679 591 3732 Nec
605 3679 670 3730 tuba
684 3695 734 3731 nee
749 3684 813 3746 toga
829 3697 871 3732 mc
886 3679 979 3732 studio
992 3681 1131 3733 revocavit
1144 3679 1178 3731 ab
1193 3679 1246 3732 isto

601 3761 656 3814 Lex
670 3759 737 3812 mihi
751 3761 848 3823 laetari,
863 3762 907 3814 lex
921 3762 1006 3830 proba
1020 3762 1076 3816 vita
1090 3761 1156 3815 mihi
1171 3778 1186 3813 »
1198 3760 1219 3813 ².

489 4008 511 4090 g
538 4009 574 4072 V.
599 4043 635 4054 —
660 4009 709 4073 De
730 4008 952 4090 Philosophia
973 4015 1003 4073 et
1024 4009 1211 4091 Retipioiie.

276 4202 459 4288 Antequam
492 4204 628 4287 anquiro
665 4205 741 4288 quid
772 4204 812 4268 de
846 4205 1079 4286 Philosophia,
1116 4204 1193 4288 quid
1224 4204 1265 4269 de
1292 4204 1468 4288 lteb'pioae

235 4302 444 4386 Pasquicrius
468 4303 618 4378 senserit,
635 4301 667 4366 id
686 4302 770 4387 quod
789 4301 858 4386 jam
881 4301 921 4368 de
945 4304 1058 4368 Rebus
1081 4303 1223 4368 Publicis
1251 4309 1398 4368 notatum
1419 4309 1469 4368 est

234 4401 365 4479 notabo,
384 4401 506 4466 scilicet
526 4418 637 4466 veram
661 4402 799 4467 hominis
823 4403 863 4468 de
886 4404 984 4468 tantis
1016 4403 1115 4468 rebus
1138 4403 1321 4487 opinionem
1339 4400 1469 4466 aliunde

268 4679 279 4720 ¹
298 4683 348 4750 Ep.
364 4683 449 4745 1v‚4.

268 4777 281 4816 ²
299 4780 349 4850 Ep.
366 4779 424 4842 Vll,
440 4780 496 4834 136.
511 4779 554 4834 Ad
568 4781 719 4834 hectorem.
