3614 5442
782 498 913 554 45-

267 698 375 762 Unum
389 702 497 761 tamen
512 702 546 761 61
559 696 697 761 alterum
712 714 888 780 excerpam
903 694 988 761 unde
1010 696 1125 763 videre
1145 698 1208 763 erit
1223 716 1285 783 qua
1304 701 1457 767 comitate

227 797 261 860 in
276 815 402 873 samoe,
419 815 482 879 qua
497 815 576 880 erga
591 813 729 860 uxorem
745 795 958 861 observantia
972 816 1052 861 usus
1068 797 1120 861 sit.

271 896 389 961 Facete
412 896 560 980 queritur
584 913 716 959 servum
745 893 805 958 sibi
836 893 937 960 luisse
966 895 1108 974 Iberum,
1139 895 1232 982 cujus
1264 917 1373 963 mores
1401 918 1463 964 uec
1544 971 1548 986 Ι

228 995 381 1070 16161616,
409 1013 471 1060 nec
491 994 658 1078 corrigere
686 993 771 1078 potis
795 999 877 1059 erat.
904 993 987 1069 Quid
1011 994 1134 1080 igitur?
1159 995 1340 1062 Humanior
1361 997 1462 1063 herus

229 1113 326 1159 servo
342 1094 428 1160 malo
442 1095 545 1158 utitur
559 1098 594 1158 ut
608 1111 644 1158 se
659 1089 729 1177 ipsc
744 1093 901 1177 patientia
916 1092 1086 1159 meliorem
1101 1094 1220 1161 iaciat:

394 1257 409 1292 <‹
427 1239 520 1294 lnvida
534 1255 594 1293 6616
607 1255 718 1294 servum
731 1238 812 1293 nobis
825 1240 944 1293 obtrusit
956 1237 1067 1294 Iberum

494 1323 555 1384 Quo
568 1320 638 1375 nihil
651 1327 695 1375 661
706 1336 802 1376 vecors
815 1319 1022 1391 insipidumque
1035 1325 1138 1393 megia.
1155 1364 1161 1377 .
1177 1365 1183 1378 .

429 1446 435 1458 .
452 1445 458 1457 .
475 1445 481 1457 .
497 1405 607 1460 Scilicet
620 1410 762 1473 acceptum
776 1403 840 1456 huic
853 1404 952 1467 refero,
966 1405 1041 1474 quod
1053 1410 1175 1476 tempore
1189 1407 1289 1461 callum

493 1487 613 1550 Obduxi,
627 1492 655 1541 et
667 1487 751 1540 bilem
765 1491 899 1556 temperat
911 1488 975 1541 inde
989 1487 1056 1541 mihi
1074 1507 1089 1542 »
1101 1488 1123 1542 1.

269 1622 465 1689 Patientiam
474 1627 507 1687 61
520 1619 654 1686 aliunde
663 1623 714 1686 vir
727 1621 832 1686 bonus
842 1620 985 1701 edidicit,
997 1642 1113 1709 nempe
1123 1642 1166 1688 ex
1176 1623 1321 1690 moribus
1332 1627 1458 1704 uxoris,

228 1743 301 1806 quae
317 1721 471 1805 quotidie,
487 1720 577 1784 nulla
591 1739 694 1796 mora,
710 1719 815 1784 servis
828 1739 1024 1786 succensere
1042 1721 1180 1800 solebat,
1204 1742 1267 1788 nec
1289 1724 1461 1810 conjugem

227 1819 436 1904 requiescere
451 1818 589 1897 sinebat,
606 1819 669 1882 nisi
683 1823 715 1884 61
729 1819 799 1902 ipse
813 1818 942 1884 miseris
957 1821 1124 1905 mancipiis
1139 1825 1358 1888 succenseret.
1372 1824 1462 1898 Quas

227 1921 423 1986 domesticas
437 1939 600 1984 aerumnas
607 1917 806 2004 jucundiore
821 1920 1055 2004 epigrammate
1070 1919 1181 1987 dolet:

458 2085 473 2120 «
492 2067 576 2121 Nulla
588 2066 647 2119 dies
659 2066 749 2132 nobie,
763 2082 819 2120 non
831 2066 931 2120 horula
944 2049 1066 2136 praeterit
1079 2083 1143 2130 una,

558 2151 620 2204 Non
634 2155 777 2218 punctum,
789 2148 885 2202 nullus
898 2149 1031 2218 temporis
1044 2148 1188 2214 articulus„

493 2233 553 2294 Quo
567 2247 623 2285 non
636 2248 678 2285 vae
691 2231 800 2284 miseris
812 2231 900 2286 servis
914 2237 1077 2284 succenseat
1090 2248 1169 2296 uxor,

558 2317 762 2384 Sueceusetque
775 2313 843 2368 mihi
854 2313 883 2367 ni
895 2314 979 2368 simul
992 2314 1053 2384 ipse
1065 2331 1174 2385 querar.

492 2397 571 2453 lilius
584 2399 619 2450 ad
632 2403 730 2450 nutum
743 2402 819 2451 totus
831 2413 991 2466 componor,
1007 2400 1034 2450 et
1047 2397 1119 2450 idem

557 2481 691 2535 Pacificue
704 2496 790 2549 quum
804 2479 856 2532 sim
869 2479 960 2532 tristia
973 2477 1048 2532 bella
1060 2495 1136 2548 gero,

491 2563 536 2617 Sic
549 2562 616 2614 mihi
629 2579 683 2632 pax
698 2561 784 2625 bello,
798 2563 839 2614 sic
851 2561 956 2615 bellum
970 2577 1037 2630 pace
1050 2567 1163 2631 paratur

557 2645 591 2698 111
605 2643 710 2714 placide
724 2650 755 2697 nt
767 2646 873 2715 possim
886 2644 989 2708 vivere,
1003 2646 1067 2700 vivo
1082 2643 1174 2698 miser.

491 2728 536 2781 Sic
547 2726 592 2781 vel
605 2743 667 2779 cum
681 2727 779 2790 sarvie,
791 2726 837 2780 vel
850 2727 969 2795 conjuge
982 2727 1062 2796 litigo
1073 2744 1080 2793 3
1095 2729 1135 2781 eic
1149 2732 1201 2791 est,

557 2809 610 2862 Hei
623 2807 701 2870 mihi,
716 2808 876 2878 conjugium
889 2807 1029 2878 litigiosus
1042 2824 1119 2862 amor
1133 2807 1177 2861 »².

225 2932 351 3016 Saepius
366 2933 405 2998 de
421 2932 535 2997 eadem
547 2951 652 2997 uxore
670 2932 838 3017 querelam
851 2931 961 3009 habet,
981 2933 1032 2997 cui
1047 2951 1139 2997 suam
1154 2930 1331 3016 exprobrat
1354 2930 1460 2995 avari·

225 3031 302 3094 liam
320 3031 374 3097 vel
387 3030 524 3115 injustas
542 3031 582 3096 (16
604 3032 676 3095 viro
690 3033 902 3114 suspiciones.
917 3031 1052 3095 Femina
1070 3031 1157 3094 enim
1175 3030 1312 3115 quaestui
1333 3029 1458 3096 intente

223 3130 442 3194 tumultuatur
464 3134 497 3194 61
521 3129 641 3194 clamat
662 3130 769 3194 virum
793 3132 860 3194 suis
882 3129 1010 3207 deesse,
1030 3126 1204 3213 siquando
1222 3146 1321 3192 unam
1342 3127 1458 3192 horam

221 3229 404 3294 relaxando
425 3229 532 3293 animo
551 3229 745 3313 seposuerit.
763 3229 841 3293 Inde
864 3235 937 3311 orta
960 3235 1011 3294 est
1032 3226 1103 3292 haec
1125 3227 1235 3292 miseri
1250 3227 1399 3312 conjugis
1417 3226 1458 3292 ad

222 3346 363 3392 uxorem
377 3328 568 3413 supplicatio
581 3348 588 3393 :

521 3491 536 3528 «
554 3475 576 3528 0
595 3474 707 3543 conjux,
720 3477 812 3529 fruere
829 3475 958 3530 omnibus
972 3471 1112 3538 meis‚sed

549 3557 700 3611 Tantillum
713 3559 773 3612 sine
787 3575 830 3612 me
843 3559 897 3611 frui
911 3558 1015 3627 meipso
1029 3573 1044 3611 a>
1060 3557 1082 3610 ³.

224 3680 445 3765 Conqueritur
474 3681 555 3746 alias
585 3681 672 3765 quod
702 3683 852 3747 maritum
874 3702 970 3758 uxor,
996 3681 1098 3746 invita
1118 3679 1194 3764 lege
1221 3699 1284 3762 qua
1313 3681 1399 3743 inter
1421 3699 1457 3744 se

223 3786 446 3846 convenerant
472 3800 515 3846 ne
541 3782 634 3846 malis
657 3781 697 3847 de
718 3782 877 3847 alterutro
903 3781 1091 3846 rumoribus
1118 3779 1305 3857 crederent,
1328 3777 1456 3863 injustis

221 3898 326 3963 usque
342 3880 580 3964 suspicionibus
595 3887 713 3945 vexat:

385 4043 400 4079 «
485 4029 540 4080 Len
554 4027 735 4080 rescindenda
753 4033 806 4091 661,
820 4025 864 4080 vel
879 4029 908 4080 tu
923 4040 983 4078 mea
997 4023 1100 4077 blanda
1115 4023 1256 4094 voluptas,

486 4112 588 4164 Nostra
601 4110 772 4164 exturbanda
785 4126 826 4174 66,
841 4109 914 4178 (lege
926 4111 1064 4175 manente)
1079 4107 1160 4160 domo
1175 4123 1189 4161 »
1203 4105 1223 4158 1.

219 4241 281 4305 Ε61
294 4241 349 4304 ubi
371 4242 581 4326 Pasquiorius
594 4242 714 4307 blande
737 4261 873 4307 uxorem
898 4240 990 4305 dictis
1011 4239 1155 4316 vellicat,
1180 4237 1322 4321 exempli
1336 4236 1456 4320 gratia,

220 4338 262 4404 (16
277 4347 384 4418 aetate,
400 4360 461 4406 nec
474 4342 662 4426 ignoramus
676 4362 760 4421 eam,
771 4341 840 4427 jam
853 4339 995 4418 viduam,
1007 4360 1078 4405 aevo
1089 4336 1292 4423 grandiorem
1304 4336 1337 4399 in
1348 4337 1457 4399 matri-

253 4576 264 4617 1
279 4579 301 4641 Ι,
315 4578 359 4633 87.

254 4659 268 4699 2
285 4662 305 4725 Ι,
321 4661 352 4716 17
366 4662 406 4715 De
420 4679 449 4715 66
460 4664 529 4733 ipso.

253 4743 266 4784 ³
283 4745 329 4808 VI,
343 4745 386 4798 28.

254 4825 267 4866 1
283 4827 317 4892 V,
331 4827 373 4882 23.
