3614 5442
731 481 861 536 -51..

182 687 283 766 poetae
298 679 404 748 Nicol.
419 680 586 758 Borbonii,
609 679 731 745 bibacis
752 685 898 745 ceterum
920 679 1135 763 inclytissimi,
1159 681 1226 764 qui,
1246 705 1263 740 ‹
1280 681 1410 765 quando

181 780 318 846 Gallicos
330 799 447 845 versus
462 779 605 864 legebat,
621 797 738 862 aquam
752 778 868 845 bibere
883 779 944 843 sibi
961 777 1134 845 videbatur
1146 802 1166 840 s
1176 781 1201 841 ¹.

218 879 289 954 Qua
303 880 336 944 in
350 879 504 965 opinione
519 884 585 943 tota
599 877 670 943 lere
686 879 738 943 via
752 878 960 944 deerravisse
975 879 1199 963 Pasquierium
1223 885 1312 964 puto.
1329 880 1356 944 N
1359 899 1410 945 am

179 977 231 1043 illo
245 997 421 1054 concursu,
438 978 561 1063 impetu
583 977 640 1041 illo
659 983 828 1061 poctarum
853 977 920 1061 qui,
946 985 1019 1062 post
1044 978 1264 1056 Ronsardum,
1293 997 1410 1044 novam

177 1078 322 1143 Franciae
336 1080 461 1163 poesim
475 1076 555 1142 dare
571 1076 824 1162 conjuraverant
838 1083 963 1162 raptae,
976 1085 1100 1144 temere
1110 1077 1235 1143 subitus
1244 1078 1350 1144 factus
1361 1084 1412 1144 ast

178 1184 269 1260 poeta
307 1176 464 1242 Gallicus.
491 1176 556 1241 Sua
584 1195 659 1239 cum
695 1174 822 1260 decepit
847 1175 991 1240 ambitio.
1024 1178 1105 1242 Nam
1131 1177 1158 1240 si
1194 1195 1248 1243 res
1270 1177 1411 1262 majores

180 1273 310 1340 Gallicis
324 1274 475 1339 versibus
488 1273 689 1358 aggreditur,
705 1275 732 1338 si
746 1274 895 1357 longiora
913 1275 1009 1340 etiam
1025 1276 1189 1360 componit
1207 1282 1367 1360 poemata,
1384 1277 1411 1340 si

180 1373 306 1456 quando
336 1374 435 1437 animi
460 1391 557 1438 sensa
581 1372 715 1438 liberius
741 1373 905 1456 exprimit,
933 1372 987 1438 vel
1013 1372 1175 1438 interdum
1200 1391 1333 1440 vorsum
1357 1381 1412 1439 aut

180 1470 331 1548 alterum,
355 1471 411 1534 vel
434 1471 531 1554 etiam
553 1489 708 1535 versuum
732 1470 862 1554 globum
886 1471 1058 1556 quemdam
1082 1471 1262 1538 feliciorem
1284 1472 1410 1548 inserit,

179 1569 401 1636 confitendum
429 1575 538 1635 tamen
567 1576 617 1634 est
643 1588 717 1634 eum
744 1569 935 1654 plerumque
964 1567 1106 1636 medium
1128 1590 1229 1657 prope
1252 1571 1306 1637 vel
1327 1571 1412 1638 iufra

179 1668 323 1733 medium
353 1670 494 1747 stetisse,
520 1668 672 1752 quoniam
699 1669 779 1733 vitia
805 1674 964 1734 anteactae
991 1671 1096 1734 aetatis
1121 1689 1195 1734 cum
1222 1671 1309 1735 vitiis
1336 1673 1413 1736 novi

180 1767 287 1832 saeculi
300 1767 481 1852 conjunxit.
493 1767 561 1832 Vix
570 1766 656 1832 enim
667 1765 856 1832 tolerabiles
865 1767 951 1832 lectu
962 1775 1035 1832 sunt
1050 1786 1167 1834 versus
1180 1769 1232 1834 isti
1246 1771 1412 1856 incompti,

179 1865 322 1930 sermoni
335 1866 515 1951 propiores,
532 1863 728 1942 diffluentes,
745 1864 922 1930 verborum
937 1866 1123 1932 colluvione
1141 1873 1209 1932 tum
1228 1868 1414 1934 ambitioso

179 1982 263 2040 mm,
287 1969 357 2028 tum
380 1963 589 2029 desuetorum
614 1964 699 2028 male
720 1963 781 2028 sibi
802 1963 1018 2030 cohaerentes.

218 2061 315 2127 Haud
325 2064 443 2127 mirum
451 2064 550 2147 igitur
559 2064 586 2126 si
591 2062 720 2146 judices
728 2065 778 2129 rei
788 2064 955 2128 litterariae
964 2083 1030 2128 nou
1040 2064 1410 2150 omittendi,quanquam

180 2161 271 2228 luere
286 2163 358 2226 sine
372 2161 478 2227 studio
488 2161 675 2248 judicandis
690 2168 723 2226 et
736 2162 910 2227 Ronsardo
925 2169 958 2228 et
971 2162 1132 2228 Ronsardi
1146 2163 1310 2250 discipulis
1329 2164 1413 2228 male

180 2264 254 2345 apti,
281 2260 370 2325 haud
384 2260 614 2326 dubitaverunt
636 2261 815 2344 Pasquierii
829 2263 975 2326 carmina
993 2262 1093 2327 latina
1108 2262 1240 2329 Gallicis
1262 2263 1414 2328 versibus

180 2358 535 2444 anteponere.Scripsit
545 2362 629 2423 enim
638 2359 796 2444 Goujetus
806 2359 1065 2426 abbascGallica
1075 2363 1257 2446 Pasquierii
1266 2369 1414 2447 poemata

179 2458 383 2541 poematibus
398 2457 506 2522 latinis
519 2456 638 2522 cedere
654 2483 671 2516 2>
688 2460 713 2520 ².
726 2457 867 2523 Aliunde
882 2467 915 2522 et
930 2460 1069 2544 legimus
1083 2485 1100 2519 ‹
1111 2461 1290 2544 Pasquierii
1315 2460 1414 2525 latina

182 2561 332 2639 poemata
341 2554 439 2639 longe
449 2557 567 2621 ceteris
577 2561 735 2640 praestare
752 2580 769 2615 ›
785 2558 810 2618 ³.
821 2556 948 2622 iudicia
957 2558 1018 2621 ista
1027 2565 1117 2622 certe
1127 2577 1188 2623 nec
1201 2558 1412 2638 admittenda,

181 2675 241 2720 nec
256 2654 437 2720 omittenda
452 2660 538 2731 sunt,
556 2655 687 2739 propius
702 2659 811 2719 tamen
827 2654 868 2719 ad
884 2673 998 2719 verum
1014 2654 1186 2722 accedunt.

220 2753 338 2819 Serum
354 2758 404 2818 est
420 2751 602 2836 disquirere
620 2771 700 2835 quas
719 2753 759 2816 ob
782 2773 897 2818 causas
915 2754 1124 2838 Pasquierius
1137 2754 1245 2820 latinis
1265 2757 1414 2822 versibus

180 2851 342 2938 fingendis
357 2853 453 2938 paulo
468 2851 540 2938 plus
556 2871 652 2936 quam
667 2852 849 2918 scribendis
863 2852 997 2919 Gallicis
1014 2854 1164 2918 versibus
1181 2855 1331 2920 valuerit.
1349 2856 1414 2922 Seu

180 2971 286 3037 genus
312 2954 416 3037 ipsum
440 2951 577 3038 poeseos
599 2951 684 3035 quod
707 2954 874 3037 usurpavit
900 2955 1032 3036 ingenio
1046 2960 1150 3038 poetae
1163 2955 1300 3020 acutiori
1317 2976 1412 3040 quam

181 3051 349 3135 grandiori
362 3070 400 3116 ac
416 3050 571 3116 teneriori
585 3051 688 3135 magis
704 3051 745 3114 sit
759 3052 1037 3116 accommodatum
1049 3076 1056 3133 ;
1073 3054 1142 3117 sive
1156 3053 1268 3138 lingua
1281 3055 1361 3140 ipsa,
1378 3062 1414 3120 ut

180 3154 284 3235 magis
298 3150 394 3228 facta,
415 3151 461 3214 sic
483 3151 594 3214 stricta
618 3150 731 3234 magis,
753 3149 962 3236 singulariter
977 3153 1120 3216 animum
1136 3153 1196 3217 viri
1210 3154 1412 3231 sustinuerit,

181 3268 279 3332 quem
293 3246 410 3314 Gallici
424 3248 585 3312 sermonis
595 3247 756 3312 mobilitas
772 3253 804 3314 et
820 3249 912 3331 quasi
925 3251 1142 3314 inconstantia
1157 3251 1241 3316 male
1255 3252 1412 3338 juvabat:

181 3345 336 3431 quidquid
351 3350 412 3422 est,
431 3365 474 3411 ne
488 3344 580 3429 plura
604 3347 761 3411 disseram
777 3348 808 3410 in
828 3365 931 3411 vacuo
955 3347 995 3411 de
1018 3349 1144 3414 incerta
1167 3353 1358 3433 quaestione,
1381 3352 1414 3416 id

180 3452 332 3532 superest
343 3445 443 3512 latina
467 3447 648 3529 Pasquierii
667 3447 901 3531 epigrammata
915 3449 1004 3512 lectu
1017 3449 1123 3512 minus
1146 3449 1313 3515 fastidiosa
1327 3470 1412 3528 esse,

180 3544 280 3631 longa
293 3547 399 3609 minus
413 3551 445 3609 et
461 3545 597 3610 molesta
611 3565 707 3628 quam
717 3545 860 3611 Gallicos
875 3566 1003 3623 versus
1021 3554 1179 3631 quotquot
1193 3556 1277 3614 sunt.

220 3645 274 3708 Ex
287 3644 336 3706 his
351 3649 484 3733 apparot
498 3645 723 3727 Pasquierium
738 3651 855 3709 neutra
864 3646 897 3708 in
906 3645 1017 3729 lingua
1026 3664 1143 3710 verum
1158 3652 1286 3731 poetam
1300 3649 1411 3724 inisse,

182 3761 243 3808 nec
272 3741 408 3812 multum
441 3743 612 3808 scribendo
642 3743 794 3818 valuisse,
825 3745 886 3807 nisi
917 3743 1044 3828 quando
1078 3763 1175 3828 prosa
1204 3747 1351 3811 oratione
1382 3752 1414 3810 et

182 3842 286 3924 patrio
308 3860 461 3907 sermone
485 3843 596 3907 utitur.
617 3843 708 3926 Tunc
725 3849 833 3908 autem
856 3862 914 3907 seu
936 3843 971 3906 in
991 3843 1169 3924 Epistola,
1191 3862 1249 3907 seu
1270 3845 1414 3908 inlibris

184 3941 520 4024 ‹Bisquisiticnum
546 3966 576 4020 »‚
615 3943 807 4026 scriptorem
845 3943 1027 4026 reperimus
1065 3960 1130 4005 non
1169 3941 1412 4026 negligendum,

183 4041 321 4117 varium,
337 4039 522 4120 candidum,
539 4041 722 4125 longiorem
740 4040 853 4106 forsan
874 4059 913 4105 ac
936 4039 1121 4115 lentiorem,
1136 4037 1194 4104 sed
1211 4040 1413 4125 simplicitate

183 4156 347 4223 acsapore
365 4139 549 4205 amabilem.

221 4239 270 4302 Ne
292 4236 422 4321 longius
443 4238 483 4302 ab
507 4238 680 4322 aequalium
697 4236 820 4324 judicio
842 4237 958 4302 abesse
973 4237 1100 4316 videar,
1118 4245 1151 4303 et
1177 4239 1263 4304 ultra
1284 4239 1416 4304 modum

180 4333 279 4400 latina
300 4337 481 4420 Pasquierii
502 4338 647 4401 carmina
675 4335 855 4422 despicere,
881 4357 1010 4421 aequum
1034 4338 1130 4402 simul
1157 4344 1190 4403 et
1207 4338 1415 4403 commodum

213 4546 224 4587 ¹
241 4550 275 4604 V.
285 4549 392 4604 Vissac.
404 4551 444 4604 De
456 4550 484 4604 la
494 4549 589 4620 poesie
601 4549 685 4605 latina
698 4566 733 4604 en
747 4551 850 4604 France
862 4555 896 4604 ab
909 4553 1003 4620 temps
1016 4550 1049 4604 dc
1062 4550 1147 4605 Leuis
1160 4549 1235 4614 XIV,
1248 4550 1329 4605 these
1343 4551 1417 4616 1862,

183 4647 210 4700 p.
224 4633 266 4687 ll.

215 4721 229 4762 ²
244 4724 356 4795 Goujet.
374 4724 452 4779 Bible
464 4725 562 4792 franc,
576 4731 597 4779 t.
612 4725 688 4790 XVI,
702 4742 729 4794 p.
742 4726 807 4780 259.

218 4814 229 4854 θ
246 4815 318 4870 niet.
335 4815 450 4882 Morari,
464 4815 508 4871 ed.
523 4817 599 4872 1759.
