3614 5442
767 486 898 545 -13-

216 683 306 758 Quae,
320 702 440 769 anceps
460 683 646 770 Pasquierii'
663 685 825 751 sententia
846 685 952 760 amica
971 685 1139 762 Mentanio
1156 705 1223 752 000
1246 687 1449 772 displicuisse

215 783 367 848 arbitror.
410 858 412 863 ,
519 849 521 852 .

257 881 359 974 Multa
385 887 461 946 sunt
487 882 718 966 epigrammata
742 883 776 958 in
796 883 859 948 hec
876 883 960 949 libre
982 883 1092 950 forsan
1116 903 1183 948 000
1207 885 1448 970 praetereunda,

217 1000 301 1065 quae
326 986 436 1044 tamen
470 986 652 1064 praeterea,
686 1001 728 1047 ne
755 981 870 1047 eadem
898 981 1040 1060 laudem,
1069 983 1307 1068 reprehendam
1334 983 1450 1049 eadem

216 1098 321 1162 usque
348 1078 388 1143 ad
414 1078 590 1144 fastidium.
613 1080 682 1146 lam
710 1081 810 1146 satius
841 1081 953 1154 estad
976 1081 1166 1167 ampliorem
1192 1083 1324 1167 poeticiv
1340 1081 1451 1166 operis

216 1184 343 1262 partem
361 1177 530 1245 festinare.
893 1237 895 1241 .

259 1279 390 1342 Festino
404 1277 504 1361 igitur
521 1277 560 1343 ad
581 1265 859 1363 Epigrammatum
880 1278 983 1344 libros
999 1280 1027 1358 ¹,
1049 1299 1130 1363 opus
1151 1281 1333 1365 Pasquierii
1353 1281 1452 1366 lenge

218 1378 434 1461 optimumtiu
446 1376 631 1457 illesaltem
645 1379 791 1462 gauere),
806 1397 919 1443 rerum
938 1381 1096 1448 uarietate
1121 1380 1274 1464 opimum,
1302 1379 1451 1444 omnibus

218 1477 340 1560 ingenii
350 1476 521 1541 lenociniis
536 1477 735 1554 distinctum,
760 1477 849 1542 omni
872 1477 1014 1543 candore
1041 1481 1140 1543 animi
1163 1479 1261 1544 eliam
1284 1497 1450 1542 commen·

219 1573 330 1640 datum
345 1577 370 1646 ²..

450 1859 515 1910 IV.
534 1885 565 1894 -
581 1857 638 1909 De
655 1858 982 1922 Epicrammatum
1000 1857 1112 1911 libris
1129 1861 1215 1914 VH.

261 2022 299 2084 ln
313 2020 600 2105 epigrammatibus
614 2020 824 2104 Pasquierius
845 2020 915 2086 fere
934 2028 1021 2086 tetus
1047 2028 1107 2086 est.
1126 2023 1237 2088 Genus
1256 2025 1342 2087 enim
1361 2023 1452 2087 solu·
1471 2073 1472 2078 ,

220 2127 301 2196 tum,
317 2119 359 2184 ad
382 2123 489 2184 omnia
511 2125 659 2204 paratum
674 2121 743 2185 sive
756 2121 843 2184 seria
856 2121 925 2185 0100
943 2120 1070 2204 jocosa,
1090 2122 1172 2184 mire
1195 2121 1400 2205 congruebat
1422 2126 1455 2186 ct

221 2240 295 2283 cum
311 2219 451 2284 hominis
461 2219 594 2304 ingenio
610 2225 729 2284 etcum
744 2219 814 2304 ejus
828 2219 1044 2304 componendi
1058 2219 1305 2286 consuetudine.

263 2317 500 2400 Nullositaque
527 2336 642 2383 versus
664 2337 740 2382 0000
760 2316 842 2382 adeo
866 2318 989 2396 dilexit,
1016 2317 1124 2384 nullos
1149 2324 1318 2404 tantopere
1343 2318 1456 2384 vendi-

221 2419 313 2494 tarit,
340 2416 458 2500 quibus
495 2415 625 2500 quidem
659 2415 833 2481 certiorem
867 2416 971 2481 laudis
1007 2437 1074 2481 suae
1111 2424 1237 2501 partem
1273 2417 1454 2483 mandarat.

222 2517 498 2600 Epigrammatum
534 2515 636 2578 libres
662 2514 843 2580 clarissime
869 2518 986 2600 cuique
1013 2517 1085 2580 vire
1110 2519 1154 2580 ita
1180 2515 1387 2582 commendat
1421 2521 1456 2581 ut

223 2615 408 2700 ambiguum
443 2614 484 2678 sit
519 2619 629 2678 utrum
665 2613 822 2678 modestia
859 2634 899 2678 an
938 2615 1157 2680 sollicitudine
1199 2617 1457 2700 nuncupationes

222 2719 390 2800 praestent.
405 2714 471 2777 Eos
493 2731 665 2778 curavere
687 2719 823 2798 paterna
837 2715 1056 2796 prosequitur,
1082 2715 1129 2778 010
1151 2713 1338 2780 verecunde
1361 2714 1457 2779 simul

223 2833 261 2878 ac
276 2814 437 2877 instanter
453 2815 630 2877 amicorum
648 2810 762 2876 laudes
777 2810 935 2896 efflagitat
951 2814 975 2890 ³,
991 2832 1053 2877 000
1066 2812 1175 2878 fictam
1189 2814 1320 2877 omnino
1330 2815 1458 2877 iracun-

224 2912 308 2976 diam
333 2912 485 2994 exprimit
499 2931 599 2994 quum
621 2909 749 2975 cuidam
765 2916 938 2975 succenset
953 2911 966 2952 ⁶
982 2911 1036 2994 qui
1051 2911 1223 2976 versiculis
1238 2912 1305 2975 0010
1328 2930 1369 2976 00
1392 2931 1457 2975 000

224 3011 354 3095 quidem
376 3011 478 3074 uerbo
501 3008 664 3074 blanditus
686 3015 767 3074 erat.
791 3012 937 3092 ingenue
961 3009 1056 3074 etiam
1079 3009 1200 3074 latetur
1223 3027 1259 3072 se
1286 3009 1459 3092 Epigram-

224 3111 323 3176 matia
340 3108 505 3175 hincinde
529 3111 670 3174 recitare
686 3111 817 3174 solitum
833 3111 858 3187 ⁵,
877 3129 985 3193 neque
1008 3129 1107 3174 unum
1131 3129 1174 3174 en
1192 3107 1385 3174 densissima
1402 3111 1458 3174 illa

224 3213 305 3276 silva
335 3209 466 3275 demere
488 3209 692 3273 sustinuisse.
717 3210 789 3273 Etsi
810 3209 881 3273 haec
903 3208 1096 3293 plerumque
1120 3228 1179 3294 per
1204 3208 1317 3294 jocum
1339 3209 1459 3292 scripta

224 3316 311 3382 sunl,
340 3313 441 3372 restat
465 3314 571 3372 tamen
608 3309 835 3391 Pasquierium
861 3328 978 3374 versus
1005 3308 1104 3372 hosce
1138 3308 1293 3394 peculiari
1321 3307 1460 3395 quadam

223 3408 355 3492 0101010,
370 3412 405 3470 01
422 3405 575 3482 finxerat,
593 3406 744 3472 coluisse.
1033 3415 1038 3420 '

267 3505 422 3580 Quamvis
448 3504 622 3590 aliquando
639 3508 882 3591 Epigrammata
906 3526 966 3571 sua
981 3507 1073 3570 nullo
1086 3506 1200 3571 labore
1214 3512 1306 3589 parta
1326 3524 1460 3590 magno-

225 3623 303 3690 pere
317 3605 490 3688 glorietur,

522 3751 536 3786 «
559 3773 632 3786 .....
655 3735 763 3788 Debent
776 3735 980 3804 Epigrammata
993 3733 1073 3787 nobis

589 3819 693 3887 Sponte
707 3835 758 3871 sua
771 3818 857 3880 00001,
873 3816 996 3879 Pontice,
1010 3831 1065 3869 non
1079 3815 1139 3868 fieri
1158 3814 1212 3880 »ὓς

259 4040 271 4080 1
290 4043 321 4094 10
335 4040 455 4094 editione
469 4039 679 4104 Mauexxlss,
694 4040 795 4092 desunt
809 4044 836 4092 et
849 4040 1083 4108 Epigrammatum
1097 4035 1176 4087 liber.
1187 4035 1236 4089 Vll
1246 4039 1273 4089 et
1285 4034 1398 4088 lconum
1411 4032 1460 4084 lib.

228 4127 263 4188 ll,
279 4141 340 4194 quaa
355 4124 464 4177 demum
478 4124 507 4176 in
521 4123 594 4177 Edit.
611 4123 685 4184 1618,
700 4123 850 4184 Ρο111-Ρο0,
864 4119 982 4190 repperi.

259 4215 276 4254 2·
290 4215 431 4269 Nonnulla
445 4215 499 4267 alia
513 4213 632 4267 carmina
650 4213 737 4266 latina
754 4213 783 4266 10
805 4211 917 4267 Gallicis
940 4209 1070 4281 operibus
1093 4206 1245 4276 Pasquierii
1267 4204 1387 4274 reperire
1409 4208 1461 4256 001.

226 4301 265 4365 (0.
282 4300 319 4352 La
335 4299 416 4350 Pucc.
433 4328 463 4336 -
474 4300 511 4352 La
520 4297 605 4351 Main.
621 4327 651 4334 -
665 4296 797 4349 Versions
806 4294 956 4360 1000001000
970 4292 1006 4344 dn
1015 4289 1093 4343 latin.
1105 4321 1136 4329 -
1147 4292 1274 4353 Lettres).
1285 4289 1324 4342 Ea
1334 4284 1462 4340 consulto

227 4381 309 4436 omisi
332 4381 406 4449 quod
429 4386 456 4432 01
478 4380 608 4449 pleraque
630 4381 658 4431 10
680 4377 931 4447 Epigrammatibus
952 4375 1049 4428 0111000
1071 4373 1173 4426 libellis
1191 4373 1294 4424 inserta
1307 4373 1383 4432 0001,
1402 4372 1463 4421 010
1555 4448 1556 4451 ¹

227 4464 328 4518 ceteris
342 4463 469 4517 uersibus
482 4462 576 4514 latinis
590 4461 660 4513 nihil
669 4461 781 4523 absunt,
795 4475 846 4512 000
859 4458 984 4521 meliora,
998 4473 1049 4509 000
1062 4455 1166 4526 pejora.

260 4554 273 4594 ³
290 4555 325 4616 ll,
338 4554 364 4607 3.
378 4553 421 4607 Ad
437 4553 604 4624 Loyaellum.

262 4645 274 4686 t
291 4647 340 4710 ΙΙΙ,
353 4647 378 4698 8.

261 4735 273 4774 5
292 4737 342 4804 Ep.
354 4736 401 4798 lv,
418 4736 457 4788 15.

262 4824 274 4863 ⁶
294 4827 342 4894 Ep.
357 4827 404 4889 111,
417 4827 460 4880 35.
