3614 5442
775 513 906 566 -35-

218 707 352 772 etiamsi
366 726 533 772 nummum
546 709 718 774 abstulerit
727 710 866 788 nullum,
879 711 1019 795 amplam
1030 718 1140 778 tamen
1151 733 1261 799 operae
1271 717 1455 784 mercedem

216 807 339 872 tulisse
354 807 382 871 si
397 826 529 872 causam
546 811 621 894 apte
635 815 668 874 et
681 810 762 875 scite
776 812 940 875 oraverit:

438 971 453 1006 o
472 953 566 1008 Oravit
578 954 651 1008 binis
665 971 714 1023 pro
730 961 767 1018 te,
782 955 950 1026 Philopatre,
964 958 1063 1012 diebus

537 1037 663 1100 Flaccus,
678 1043 705 1090 et
720 1054 752 1090 ex
769 1043 835 1092 voto
849 1043 893 1091 est
905 1055 989 1093 causa
1006 1045 1115 1110 peracta
1133 1041 1193 1105 tihi,

471 1121 508 1173 At
520 1120 703 1189 patrocinium
717 1119 794 1172 nulla
807 1121 932 1174 mercede
944 1123 1082 1191 rependis,

538 1201 597 1254 imo
612 1201 746 1255 mercedis
759 1201 824 1272 plus
839 1203 907 1256 satis
922 1203 981 1273 ipse
995 1204 1076 1259 tulit:

472 1283 593 1336 Patrono
610 1283 736 1352 quamvis
750 1299 879 1337 numeres
894 1285 944 1349 nil,
958 1289 1081 1340 attamen
1098 1289 1217 1357 amplam

539 1365 676 1419 Mercedis
689 1373 822 1434 segetem,
837 1368 885 1434 qui
898 1367 969 1420 bene
987 1368 1065 1432 dixit,
1083 1369 1175 1423 hahet.
1192 1369 1226 1423 »¹

266 1495 483 1560 Ministerium
509 1493 590 1560 adeo
617 1495 724 1581 diligit
749 1498 977 1582 Pasquierius‚
1009 1505 1106 1584 atque
1131 1503 1239 1566 animo
1260 1503 1304 1568 ita
1330 1505 1458 1572 liberali

223 1602 287 1672 est,
314 1601 350 1659 ut
376 1595 535 1679 collegam
571 1614 710 1678 quocum
744 1598 904 1663 acerrime
922 1605 1117 1678 certaverat,
1144 1603 1346 1668 Versorz'um
1371 1603 1457 1683 dico,

223 1693 407 1760 admiretur
420 1699 453 1759 et
467 1693 639 1778 magnifice
656 1693 780 1774 laudet,
799 1716 862 1761 nec
877 1696 981 1780 longe·
993 1697 1077 1762 absit
1090 1706 1126 1764 ut
1148 1700 1308 1785 glorietur
1334 1709 1458 1768 tantum

224 1793 390 1856 hominem
405 1798 616 1856 sacrosancto
630 1795 802 1877 patrocinii
816 1796 944 1860 muneri
959 1795 1059 1861 decus
1078 1797 1240 1880 quoddam
1252 1798 1435 1867 addidisse:

456 1960 471 1994 «
490 1943 543 1998 Cui
555 1948 653 2012 pectus
674 1947 772 1997 natura
794 1943 879 2007 dedit,
893 1945 937 1998 cui
951 1960 1052 2014 corpus
1070 1946 1195 2010 obesum,

555 2025 664 2078 Miceris
679 2033 781 2094 quanto
795 2027 899 2096 polleat
916 2026 1036 2096 eloquio.

491 2108 599 2176 Corpus
614 2111 645 2160 ut
657 2107 779 2177 ingenuo
794 2109 835 2161 sic
848 2125 926 2161 mons
941 2114 984 2162 est
997 2123 1111 2179 corpore
1127 2109 1220 2179 digna,

556 2191 614 2244 Nec
627 2205 706 2243 mens
718 2189 791 2244 mole
805 2189 865 2260 capi
877 2194 956 2244 tanta
969 2189 1074 2245 minore
1087 2193 1188 2258 potest.
1204 2207 1219 2243 a
1234 2189 1247 2227 ²

268 2321 450 2404 injudices
463 2320 611 2386 advocati
635 2323 744 2386 animo
759 2341 824 2386 non
838 2321 1000 2387 benevolo
1027 2341 1102 2386 esse
1125 2321 1243 2387 solent.
1264 2323 1313 2388 Ne
1335 2342 1459 2388 morem

226 2420 371 2505 negligat
396 2419 607 2504 Pasquierius
627 2418 757 2506 judices
783 2420 859 2485 hinc
885 2421 962 2486 inde
983 2421 1128 2506 corripit,
1143 2421 1261 2486 leviter
1275 2427 1385 2486 tamen
1399 2440 1460 2487 nec

226 2518 472 2593 contumaciter,
488 2519 604 2604 quippe
632 2520 687 2604 qui
704 2519 841 2604 justitiae
868 2521 1035 2584 ministros
1060 2522 1207 2605 integros
1234 2522 1337 2604 magis
1362 2539 1459 2605 quam

225 2617 391 2703 improbos
416 2619 546 2702 optarit.
569 2616 717 2683 ,indicem
743 2619 830 2683 hunc
845 2619 856 2659 ³
873 2619 957 2684 ridet
978 2620 1032 2703 qui
1055 2617 1095 2683 de
1110 2637 1147 2684 se
1161 2618 1247 2682 hene
1269 2619 1459 2683 existimans

221 2717 326 2802 jactat
348 2736 384 2781 se
413 2736 510 2782 unum
537 2717 609 2801 plus
640 2717 767 2802 scriptis
783 2716 927 2801 legihuS,
955 2718 1029 2802 plus
1050 2717 1292 2802 jurisconsultis
1310 2717 1460 2782 omnibus

225 2815 351 2880 valere.
375 2814 469 2880 Illum
487 2815 660 2880 cavillatur
687 2816 754 2900 qui,
783 2815 839 2879 ubi
864 2835 938 2880 cum
968 2815 1094 2900 collega
1120 2815 1224 2893 sedet,
1241 2822 1380 2881 stertere
1393 2834 1460 2880 non

227 2913 358 2990 desinit,
378 2915 405 2978 si
420 2933 499 2979 vere
518 2914 619 2992 solus,
636 2917 756 2999 optime
763 2913 820 2998 jus
833 2914 942 2980 reddit
956 2915 981 2979 Ι.
1000 2914 1055 2980 Sin
1069 2922 1178 2979 autem
1206 2914 1337 2978 obvium
1363 2914 1461 2980 habet

227 3014 358 3079 tuendae
376 3014 504 3096 justitiae
532 3015 740 3099 prepositum
767 3016 821 3098 qui
846 3015 996 3079 venalem
1018 3014 1177 3098 justitiam
1207 3013 1303 3088 facit,
1340 3020 1462 3078 stoma-

226 3111 342 3176 chatur
359 3113 466 3176 statim
481 3121 597 3178 noster
610 3132 671 3178 nec
685 3112 892 3178 contumeliis
911 3118 1092 3198 temperat:

442 3275 456 3309 e
475 3257 516 3313 Sit
527 3258 604 3312 dives
617 3275 776 3328 pauperque
790 3258 887 3321 cliens,
900 3258 1038 3322 inimicus,
1052 3256 1167 3324 amicus,

525 3341 645 3409 Hospes,
657 3339 774 3404 vicinus,
790 3340 902 3403 nobilis,
915 3344 964 3392 aut
977 3338 1078 3408 opifex,

475 3422 623 3484 Patronus,
637 3421 771 3485 medicus,
787 3421 874 3479 miles,
892 3425 1035 3480 mercator,
1052 3420 1148 3473 eadem

525 3504 614 3556 Lance
629 3514 767 3572 manuque
781 3503 854 3556 solet
865 3501 977 3556 Persius
992 3501 1115 3571 accipere
1121 3538 1210 3553 ......

479 3585 596 3646 ....Qui
609 3600 788 3654 personarum
802 3585 937 3637 rationem
949 3599 1005 3637 non
1019 3583 1111 3646 habet,
1127 3581 1207 3635 hicne

526 3667 653 3737 Corrupti
671 3672 764 3737 partes
775 3666 878 3736 judicis
892 3667 1052 3737 exsequitur
1065 3661 1077 3719 t
1093 3683 1107 3718 a
1122 3665 1134 3704 5

270 3795 394 3880 Integri
408 3795 527 3880 judicis
541 3801 682 3882 speciem
697 3805 730 3863 et
742 3798 881 3863 formam
897 3817 963 3862 non
977 3797 1081 3862 semel
1094 3797 1299 3861 adumbravit
1307 3795 1462 3879 Pasquie-

229 3893 309 3971 rinc,
332 3914 397 3978 quo
416 3896 448 3960 in
462 3896 541 3960 orbe
555 3903 719 3961 terrarum
744 3899 849 3962 rarius
871 3897 918 3961 nil
936 3903 969 3962 et
991 3897 1135 3962 sanctius
1149 3915 1222 3960 esso
1244 3900 1344 3980 putat.
1361 3893 1463 3958 -lllum

265 4135 276 4174 ¹
295 4138 345 4207 Ep.
361 4139 395 4201 V,
408 4139 450 4192 54.
464 4140 508 4192 Ad
520 4139 722 4210 Philopatrum.

262 4229 275 4268 ²
291 4231 341 4300 Ep.
353 4231 401 4294 ΙΙΙ,
410 4232 451 4286 75.
462 4262 489 4271 -
503 4233 545 4286 cf.
556 4233 642 4288 Rech.
656 4233 689 4286 de
698 4233 725 4285 la
739 4235 855 4295 France,
865 4232 913 4285 lib.
925 4233 972 4297 ΙΙΙ,
982 4248 1042 4302 cap.
1053 4233 1095 4286 rt.
1108 4235 1145 4302 (p.
1159 4232 1209 4286 327
1219 4233 1252 4296 Β)
1265 4229 1312 4282 uhi
1324 4229 1357 4282 de
1367 4229 1464 4282 eodem

229 4314 358 4368 Versorio
372 4313 438 4368 dicit
452 4316 628 4385 Pasquierius
642 4333 656 4368 «
676 4354 749 4369 .....
766 4315 950 4385 grandement
964 4315 1085 4368 zelaceur
1098 4315 1134 4367 du
1158 4313 1222 4366 bien
1244 4313 1348 4383 public,
1370 4313 1466 4381 singu·

228 4395 372 4450 lidrement
385 4398 415 4450 es
428 4397 527 4451 choses
541 4399 588 4467 qui
602 4405 768 4452 concernent
781 4396 808 4450 la
821 4397 938 4467 religion
952 4398 1108 4467 catholique
1125 4414 1149 4449 u.
1165 4396 1207 4449 cf.
1223 4394 1256 4448 de
1269 4393 1397 4447 Patronis
1410 4393 1465 4446 alia

229 4478 364 4532 nonnulla
385 4479 593 4549 epigrammata,
608 4481 642 4544 V,
655 4480 689 4546 63
705 4482 727 4545 1,
744 4481 786 4536 49.

291 4569 342 4640 Ep.
357 4570 404 4634 ΙΠ,
418 4569 460 4624 81.
475 4571 507 4623 in
520 4569 678 4625 Ponticum.

291 4660 343 4730 Ep.
357 4659 418 4724 vn,
429 4659 473 4716 38.
485 4659 530 4714 Ad
543 4659 670 4714 Felinum
682 4661 697 4714 J
701 4659 821 4715 udicem.

291 4750 738 4806 v.76.1n1>erstumtudteem.
762 4781 794 4792 -
809 4753 879 4822 Opp.
902 4750 996 4822 Epigr.
1010 4751 1046 4814 V,
1067 4751 1109 4804 72.
1136 4751 1176 4804 De
1186 4748 1281 4820 judice
1295 4747 1342 4818 qui
1370 4745 1462 4801 oblata

232 4849 346 4888 rnunera
360 4839 514 4906 respuerat.
