3614 5442
738 492 868 547 -53-

182 699 383 760 commutat:
396 694 668 778 praestigiatorem
684 711 759 756 eum
775 691 862 758 dicas
877 691 1114 758 circulatoriam
1130 712 1290 758 exercere
1302 699 1418 771 artem,

182 794 315 878 quande
329 795 386 858 ez'r
401 796 411 834 ¹
429 799 463 857 et
477 793 540 870 ets,
552 792 667 858 velez's
682 793 696 832 ²
712 793 827 875 etjus,
842 813 913 875 quae
924 791 1210 857 vocubulalitteris
1220 793 1290 858 lere
1306 792 1419 857 iisdem

182 900 348 969 constant,
364 893 452 957 idem
468 890 654 975 significare
670 891 882 956 demonstrat.
896 928 938 938 —
954 891 1108 976 Scriptori
1123 892 1263 957 fecundo
1279 894 1373 956 nimis
1382 911 1421 956 ac

181 991 335 1067 moleste,
353 991 513 1055 utstatim
529 990 680 1054 omnibus
694 987 832 1075 placeat,
850 990 1019 1054 consilium
1028 987 1123 1054 affert
1137 989 1231 1054 facile
1242 1009 1280 1055 ac
1289 989 1417 1055 subtile:

457 1139 472 1174 (ι
495 1161 551 1174 ....
572 1121 681 1175 Multus
693 1122 741 1190 qui
754 1121 857 1190 populo
871 1121 947 1190 eupit
956 1120 1075 1190 placere,

491 1207 515 1258 A
530 1205 618 1258 multo
632 1207 726 1272 (queat
739 1209 771 1256 ut
784 1204 892 1272 placere
906 1204 1012 1268 multis)

491 1287 610 1340 Lambda
624 1285 778 1349 subtrahat,
788 1288 847 1356 ipse
861 1293 920 1339 tum
934 1286 1053 1355 placebit
1066 1303 1090 1338 e.
1106 1287 1117 1325 ³

183 1405 254 1470 Nec
277 1403 403 1468 dubitat
424 1402 693 1467 insolentissimas
715 1402 892 1466 verborum
917 1402 1061 1485 origines
1084 1401 1242 1486 indagari,
1259 1402 1343 1466 utin
1364 1402 1420 1467 ifle

181 1506 346 1589 poematio
376 1527 395 1563 <‹
409 1503 450 1568 dc
478 1501 725 1568 Mortinclt'hus
743 1524 771 1577 n,
805 1501 860 1564 ubi
887 1501 981 1585 fingit
1002 1502 1100 1566 ferias
1123 1501 1322 1577 martiriales,
1348 1523 1420 1585 quae

182 1601 346 1688 gustando
360 1605 437 1666 vino
461 1621 547 1666 nove
570 1609 599 1666 et
624 1600 813 1684 pytissando
835 1600 1097 1677 celebrabantur,
1121 1620 1161 1665 eo
1184 1602 1315 1664 nomine
1338 1600 1422 1664 desi-

182 1704 278 1788 gnari
294 1708 448 1784 tanquam
463 1705 565 1766 sancti
581 1701 711 1764 Martini
726 1718 848 1764 nomen
865 1699 991 1764 duobus
1004 1700 1114 1764 verbis
1133 1701 1255 1766 Graecis
1270 1704 1374 1785 μάρτυρ
1388 1706 1420 1764 et

181 1808 258 1866 οἴνου
272 1807 439 1866 constaret
457 1800 463 1864 l
482 1803 493 1841 ²
518 1800 561 1864 At
575 1800 660 1864 enim
673 1801 700 1864 is
718 1806 769 1864 est
781 1819 892 1864 merus
902 1799 1009 1883 jocus,
1027 1819 1074 1863 eae
1098 1799 1224 1864 facetiae
1240 1819 1338 1864 merae
1353 1799 1366 1863 Ι
1380 1836 1421 1847 -

184 1901 258 1966 Scio
274 1901 446 1984 equidem3
464 1898 523 1964 sed
536 1900 629 1963 istius
639 1898 727 1963 modi
735 1899 831 1985 jocus
845 1905 934 1964 certe
950 1897 1161 1983 paedagogum
1174 1907 1211 1964 et
1226 1899 1420 1985 putidiorem

183 2000 433 2085 grammaticum
448 2000 522 2083 plus
538 2018 632 2082 aequo
647 1997 786 2063 redolet.

226 2100 406 2163 Lasciviam
436 2097 523 2163 illam
553 2097 779 2162 scholasticam
812 2096 1030 2161 excusandam
1058 2099 1183 2180 putavit
1213 2097 1421 2180 Pasquierius

184 2219 268 2282 quae.
286 2199 613 2274 mansueriscam
633 2215 762 2278 perere
783 2194 945 2261 omnibus
960 2220 977 2254 »
1013 2201 1151 2279 peterat.
1176 2196 1337 2260 ductores
1359 2195 1421 2258 sihi

182 2297 328 2361 vindieat
341 2304 374 2361 et
386 2295 487 2361 vades
503 2297 681 2360 Ausonium
705 2313 858 2378 magnum
880 2301 978 2378 atque
999 2293 1181 2358 Martialem
1205 2313 1285 2377 quos
1301 2294 1419 2377 saepius

182 2399 216 2460 in
232 2395 415 2460 nominibus
429 2396 621 2478 frequenter
628 2394 756 2480 jocatos
771 2412 855 2471 esse,
866 2391 971 2456 allatis
981 2391 1149 2476 exemplis,
1161 2391 1325 2476 praedicat.
1338 2391 1418 2466 Quae

185 2493 333 2580 exempla
348 2494 477 2578 culpam
491 2493 661 2557 imitatoris
675 2492 786 2557 forsan
804 2491 932 2567 levant,
949 2511 1016 2556 non
1031 2491 1166 2555 demunt
1185 2493 1327 2565 omnino,
1344 2491 1419 2574 quia

184 2594 419 2660 Martialis-neo
444 2599 508 2657 tam
532 2612 619 2678 saepe
633 2611 694 2657 nec
716 2595 782 2657 tam
805 2590 922 2675 frigide
946 2592 1111 2655 arcessitis
1134 2591 1318 2654 nominibus
1349 2591 1418 2656 istis
1455 2577 1457 2590 '

186 2715 265 2759 usus
288 2699 349 2770 est,
365 2692 422 2757 sed
437 2691 536 2756 rebus
550 2693 627 2776 ipsis
643 2698 768 2756 atvero
783 2689 932 2754 acumine
947 2691 1064 2754 mentis
1080 2688 1198 2754 famam
1217 2690 1339 2774 ingenii
1360 2690 1420 2753 sibi

187 2794 347 2878 quaesivit.

228 2891 365 2967 Quando
380 2898 487 2956 autem
501 2891 602 2956 'verba
615 2892 647 2954 in
663 2891 852 2955 obscoenum
883 2909 1014 2954 sensum
1030 2888 1201 2972 detorquet
1214 2888 1419 2964 Paschasius

188 3000 353 3056 tumuere
375 2988 568 3065 Martialem,
593 2995 660 3052 tum
684 2987 795 3054 Gallos
818 2993 851 3052 et
873 2988 1014 3071 majores
1037 2994 1069 3052 et
1092 2987 1245 3071 aequales
1264 2988 1419 3053 imitatur.

188 3089 266 3155 Plus
281 3108 378 3173 quam
392 3089 560 3163 rusticum,
576 3087 647 3152 fere
661 3087 837 3152 barbarum
853 3093 904 3151 est
916 3086 950 3150 id
965 3085 1004 3150 de
1023 3105 1120 3150 servo
1134 3105 1212 3150 suo:

467 3235 482 3270 <ι
496 3217 596 3272 Nescio
611 3217 678 3287 quid
690 3217 787 3270 foetere
801 3217 850 3270 tibi
864 3232 1031 3270 succenseo:
1047 3223 1076 3268 tu
1091 3233 1134 3269 me

564 3302 681 3362 Nasum,
695 3300 795 3354 vellem
809 3305 837 3352 te
851 3315 907 3352 non
921 3299 1052 3352 habuisse
1065 3299 1150 3368 pedes
1165 3317 1188 3352 ».
1203 3298 1215 3338 t

189 3419 294 3482 Iratus
309 3423 414 3500 poetae
428 3415 554 3479 cuidam
571 3416 625 3498 qui
640 3415 680 3479 de
695 3438 712 3474 a
729 3417 843 3481 Manu
859 3439 877 3474 a>
891 3414 1071 3498 Pasquierii
1080 3414 1221 3499 jocatus,
1236 3416 1335 3479 nimio
1351 3413 1422 3498 plus

187 3517 411 3580 insinuaverat
425 3521 596 3600 patronum
609 3513 700 3579 illum
715 3513 951 3599 prehensibiles
967 3514 1088 3579 habere
1103 3534 1228 3590 manus,
1253 3515 1422 3579 licentiore

189 3620 367 3680 scommate
381 3613 558 3698 respondet
571 3620 703 3679 noster:

387 3764 402 3799 «
421 3749 493 3801 Dum
506 3747 623 3811 loculos
639 3749 744 3810 oculos,
758 3747 841 3801 toties
854 3747 883 3800 iu
896 3747 1016 3801 carmine
1029 3763 1133 3809 versae,

422 3829 557 3884 Omnibus
571 3819 633 3883 ecee
648 3831 730 3883 refert
743 3829 818 3884 Echo
833 3836 881 3882 tua
894 3828 1031 3882 carmina:
1053 3829 1148 3891 Culos,
1161 3827 1209 3881 ιθ

189 3949 247 4014 Eae
282 3952 357 4010 sunt
382 3945 509 4011 iacetiae
526 3965 606 4029 quas
632 3945 827 4011 Paschasius
852 3946 921 4029 ipse
947 3951 1043 4010 voeat
1078 3968 1097 4005 <‹
1121 3943 1234 4009 ludum
1266 3944 1352 4009 haud
1380 3944 1424 4009 ita

190 4043 357 4111 sordidum
374 4070 391 4105 ›
406 4048 431 4109 ⁷.
709 4043 713 4050 '

221 4285 234 4325 1
253 4285 345 4354 EpIgn
362 4285 384 4348 I,
397 4284 439 4339 31.

223 4374 236 4414 ²
252 4373 346 4443 Epigr.
361 4375 383 4436 Ι,
397 4373 439 4428 32.

223 4465 235 4506 ³
254 4463 348 4533 Epigr.
362 4463 396 4527 V,
409 4463 452 4518 24.

224 4555 237 4596 1
255 4554 349 4623 Epigr.
364 4554 411 4616 IV,
424 4553 467 4606 71.
482 4554 522 4606 De
535 4551 739 4608 Martinalibus.

224 4645 236 4684 ὅ
249 4644 343 4714 Epigr.
358 4644 406 4708 III,
419 4644 461 4697 48.
477 4645 508 4696 ln
521 4643 639 4696 Iberum.

226 4733 238 4774 Ι
252 4736 283 4789 Τ.
299 4736 334 4798 ΙΙ,
348 4750 376 4802 p.
390 4734 450 4788 212.
464 4735 536 4788 Lett.
550 4733 625 4795 VIII,
640 4733 672 4787 12
684 4733 701 4785 a
713 4733 753 4787 M.
768 4731 917 4786 Tabouret.

227 4824 239 4864 ⁷
258 4824 362 4880 Gallice
377 4839 383 4878 ε
399 4840 414 4876 n
429 4840 467 4877 un
476 4823 525 4893 jeu
539 4839 604 4878 sans
617 4821 729 4878 villenie
742 4839 757 4875 ι)
771 4820 835 4888 (loe.
850 4821 917 4888 eit).
