3614 5442
922 445 1052 499 ..14-

369 644 518 728 suspicor
531 649 641 710 tamon
663 663 737 710 eum
759 663 825 709 non
848 645 952 711 semel
966 663 1094 728 ungues
1113 644 1235 710 rosisse
1258 650 1292 710 et
1314 644 1519 730 ultraquam
1542 645 1600 710 sibi

369 750 578 810 concesserat
592 744 757 829 vigilasse,
781 750 817 809 ut
838 742 975 810 dilectos
990 746 1092 810 Musae
1114 763 1182 810 suae
1205 749 1299 809 natos
1320 743 1474 830 indignos
1496 747 1601 809 minus

367 842 533 928 proderet,
558 844 611 927 qui
634 843 724 928 vulgi
744 843 845 929 inepti
866 841 1030 908 fastidium
1048 843 1229 920 vincerent,
1246 842 1469 910 delicatiorum
1478 842 1600 927 judicia

368 946 610 1027 aucuparentur
626 943 650 1003 ¹.

407 1040 617 1125 Epigramma
639 1059 698 1105 cur
718 1040 920 1125 potissimum
947 1043 1060 1104 noster
1082 1038 1294 1126 assumpserit
1307 1040 1514 1124 perspicuum
1538 1046 1596 1106 est.

368 1139 479 1205 Genus
492 1139 577 1203 enim
602 1139 745 1204 omnium
768 1138 830 1203 fuit
853 1138 1055 1203 liberrimum
1077 1144 1110 1202 et
1127 1139 1171 1204 ita
1193 1138 1406 1223 compositum
1429 1147 1465 1202 ut
1485 1157 1597 1230 omnes

367 1257 431 1314 rea,
447 1237 554 1302 omnia
567 1257 664 1303 sensa
679 1237 777 1302 animi
790 1236 985 1302 admitteret.
1008 1238 1182 1322 Magistros
1196 1237 1256 1302 sibi
1280 1243 1378 1322 atque
1400 1235 1597 1321 exemplaria

367 1335 540 1420 profitetur
554 1335 705 1402 habuisse
719 1335 924 1406 Paschasius,
944 1335 1135 1411 Martialem,
1154 1343 1251 1420 utque
1265 1337 1444 1400 Ausonium
1461 1336 1486 1396 ².
1506 1335 1596 1400 Adde

367 1436 462 1500 etiarn
495 1434 633 1500 Graeciae
655 1434 861 1519 Authologiae
892 1441 1003 1519 poetas
1035 1441 1068 1499 et
1091 1435 1225 1510 Latinae,
1254 1453 1292 1498 ac
1314 1435 1499 1518 complures
1515 1434 1595 1498 alios

366 1541 434 1598 tum
448 1534 607 1617 antiquos,
624 1539 691 1598 tum
706 1534 920 1598 recentiores.
935 1532 1088 1599 Florebat
1103 1533 1189 1597 enim
1207 1540 1285 1598 tunc
1298 1533 1519 1617 Epigramma,
1536 1550 1596 1596 nuc

365 1651 470 1717 genua
484 1633 623 1698 alterum
647 1652 784 1718 poeseos
808 1635 911 1718 magis
925 1632 1084 1718 placebat.
1101 1633 1172 1698 Non
1191 1633 1253 1697 hoc
1275 1634 1483 1717 epigramma,
1510 1630 1593 1717 quod

364 1730 587 1816 intelligimus,
612 1729 771 1815 rapidum,
794 1738 937 1808 acutum,
962 1749 1038 1796 acro
1061 1732 1095 1808 ³3
1119 1730 1177 1796 sed
1196 1731 1352 1795 lascivum
1375 1729 1484 1804 modo,
1501 1729 1593 1794 modo

364 1829 512 1910 mordax,
533 1830 628 1894 modo
646 1832 743 1896 etiam
757 1831 851 1896 triste
865 1850 904 1896 ac
917 1849 1070 1896 severum
1087 1832 1111 1891 ⁶.

406 1939 614 2022 Pasquierius
629 1937 757 2023 generis
770 1936 868 2022 hujus
882 1936 976 2014 fines,
990 1937 1055 2022 jam
1069 1936 1163 2010 latos,
1180 1936 1303 2013 dilatat,
1320 1957 1338 2000 a
1352 1956 1415 2020 quo
1431 1935 1510 2000 nihil
1523 1935 1593 2000 fere

362 2037 503 2101 alienum
520 2042 621 2120 putat,
638 2042 673 2100 ut
687 2055 730 2101 ex
745 2035 836 2100 libris
850 2038 918 2100 suis
931 2043 1064 2120 apparet
1078 2042 1111 2101 ot
1133 2055 1174 2100 ex
1189 2035 1433 2120 Epigrammata
1453 2034 1591 2118 quodam

361 2134 480 2200 libril:

574 2298 590 2334 n
608 2283 660 2336 Vix
673 2281 756 2336 etiam
770 2299 786 2334 a
800 2283 897 2352 Satyra
911 2285 1029 2352 possunt
1043 2282 1247 2352 Epigrammata
1259 2282 1369 2344 abesse,

641 2367 712 2420 Sunt
725 2367 794 2428 sine,
810 2367 837 2418 ni
851 2366 987 2430 mordent,
1000 2367 1121 2419 carmina
1138 2371 1243 2429 nostra,
1257 2364 1325 2429 sale,
1338 2370 1390 2418 otc.
1410 2383 1424 2418 ι)
1437 2363 1457 2418 ⁵.

361 2505 454 2570 l'nde
469 2506 617 2589 sequitur
631 2506 672 2570 ab
687 2505 749 2570 hoc
762 2509 826 2570 tarn
848 2505 1018 2591 multiplici
1040 2506 1182 2572 carmine
1203 2506 1283 2570 nihil
1309 2505 1487 2570 abhorrere
1506 2505 1588 2590 quod

358 2602 392 2666 in
406 2603 494 2669 facili
508 2604 612 2668 forma
632 2604 799 2669 includere
822 2611 927 2689 poetae
940 2605 1109 2689 placuerit.
1127 2604 1208 2670 Sunt
1222 2605 1308 2670 enim
1330 2604 1474 2669 carmina
1492 2604 1531 2669 do
1554 2622 1588 2667 re

359 2705 464 2767 omni:
481 2702 533 2768 bic
546 2704 756 2788 Pasquierius
771 2703 812 2768 do
824 2723 859 2768 se
874 2723 914 2768 ac
926 2706 994 2768 suis
1004 2704 1107 2768 libere
1118 2703 1204 2781 dicit,
1216 2704 1269 2768 vol
1280 2703 1321 2768 de
1331 2705 1442 2768 amicis
1455 2725 1463 2783 ;
1474 2701 1588 2767 —itlio

358 2804 389 2865 in
404 2801 662 2867 fictisamoribus
673 2802 855 2875 detinetur;
871 2841 913 2848 -
927 2802 1006 2868 alias
1021 2805 1129 2867 satirae
1140 2822 1265 2866 morum
1278 2801 1425 2888 indulget
1435 2803 1587 2886 etjocose

357 2902 433 2966 vitiu
461 2901 638 2966 multorum
669 2902 857 2986 perstringit
870 2925 877 2982 ;
901 2938 943 2950 —
957 2921 1044 2964 nunc
1062 2901 1103 2965 de
1125 2901 1224 2966 rebus
1243 2901 1379 2987 publicis
1402 2903 1586 2987 opinionem

357 3001 493 3084 promit;
509 3037 551 3048 —
571 3021 659 3066 nunc
682 3002 778 3066 etiarn
803 3002 1008 3086 gravioribus
1033 3000 1143 3078 rebus,
1168 2999 1379 3085 philosophiae
1402 2999 1527 3066 scilicet
1550 3021 1587 3065 ac

356 3099 520 3183 religioni,
536 3118 668 3184 operam
684 3099 747 3164 dat.

395 3205 487 3270 Hanc
505 3226 616 3272 rernm
631 3206 838 3292 partitionem
853 3226 1039 3292 sequemur,
1057 3227 1121 3291 quo
1141 3207 1261 3272 clarior
1276 3206 1452 3273 fiatnostra
1466 3209 1501 3271 in
1521 3215 1585 3272 tam

355 3305 479 3369 variato
495 3323 596 3390 opere
609 3304 787 3390 indagatio.

749 3556 771 3637 ἓ
792 3557 820 3620 I.
845 3591 887 3601 —
907 3557 959 3621 De
980 3574 1015 3622 se
1035 3574 1077 3621 oc
1093 3555 1187 3624 Suz's.

394 3750 442 3816 De
456 3770 491 3816 se
503 3752 571 3834 ipso
587 3750 618 3816 in
631 3751 928 3836 Epigrammatibus
942 3771 1040 3836 parce
1053 3752 1196 3838 loquitur
1207 3760 1330 3831 noster,
1344 3753 1385 3818 do
1395 3755 1461 3818 suis
1475 3761 1583 3820 autem

352 3849 494 3914 abunde.

394 3955 505 4032 Qualis
516 3957 848 4042 fueritPasquierius,
860 3957 1050 4037 industrius,
1062 3960 1203 4043 negotiis
1215 3960 1369 4038 intentuS,
1388 3960 1471 4026 facili
1485 3967 1584 4045 atque

352 4053 447 4119 hilari
480 4056 622 4140 ingenio,
649 4058 756 4121 animo
780 4077 874 4140 aequo
900 4063 933 4122 et
962 4058 1040 4134 leni,
1075 4057 1107 4122 id
1138 4057 1194 4122 tibi
1223 4059 1392 4143 apparebit
1421 4061 1527 4144 potius
1556 4062 1584 4125 si

350 4156 540 4219 universum
555 4174 636 4241 opus
652 4154 825 4232 evolveris,
843 4175 939 4238 quam
955 4156 980 4220 si
997 4158 1143 4222 carmina
1157 4164 1246 4222 certa
1263 4158 1416 4243 elegeris.

381 4411 393 4450 ¹
411 4412 444 4467 V.
458 4411 484 4475 2,
499 4410 534 4464 ad
547 4410 657 4464 librum.

381 4499 395 4540 ²
410 4502 457 4565 IV,
469 4501 512 4555 79.

381 4591 393 4630 ³
411 4591 453 4645 Cf.
468 4590 592 4646 Boileau.

380 4680 393 4721 ⁴
412 4681 453 4735 cf.
468 4680 506 4734 du
518 4682 627 4752 Bellay,
640 4683 777 4747 Ronsard,
792 4683 957 4753 Vauquelin,
967 4690 1019 4738 etc.

380 4769 427 4836 ³1,
440 4771 482 4826 69.
