3614 5442
539 735 648 818 §HL
675 769 716 782 -
737 737 788 800 De
810 731 1033 799 mordacibus
1055 731 1391 818 Epigrammatibus.

393 922 477 988 Dum
491 920 531 985 ab
547 922 712 986 amatoriis
725 921 1013 1006 epigrammatibus
1028 920 1068 986 ad
1084 920 1266 986 «satirico»
1278 921 1440 1005 poematia
1450 921 1582 998 festine,

352 1020 414 1084 bac
426 1027 501 1084 utar
517 1022 711 1086 transitione
729 1020 985 1105 (qualiscumque
1009 1020 1070 1104 est)
1097 1038 1192 1104 quam
1222 1019 1300 1084 mibi
1322 1021 1408 1084 ultro
1436 1020 1586 1104 praebere

351 1117 482 1183 videtur
496 1125 627 1185 nostor:

533 1290 547 1324 <‹
583 1275 645 1328 Non
660 1290 711 1343 ego
726 1290 798 1335 sum,
812 1274 910 1335 fateor,
925 1278 1081 1326 tenerorum
1095 1272 1212 1340 scriptor
1229 1288 1364 1326 amorum.
1376 1313 1381 1326 .
1391 1313 1414 1326 ..

517 1395 557 1408 ...
580 1357 632 1412 Sed
646 1373 697 1409 nec
710 1373 771 1425 ego,
785 1355 899 1418 Antoni,
913 1357 1072 1424 Satyrarum
1085 1355 1202 1423 scriptor
1215 1356 1357 1408 acerbus..
1370 1394 1388 1406 ..

581 1437 633 1492 Vix
647 1437 729 1490 etiam
743 1455 758 1489 a
774 1437 861 1492 Satira
879 1442 997 1506 possunt
1014 1436 1218 1506 Epigrammata
1235 1436 1350 1490 abesse:

648 1522 719 1575 Sunt
732 1521 803 1582 sine,
817 1519 845 1571 ni
859 1519 995 1583 mordent,
1010 1519 1129 1571 carmina
1142 1521 1237 1571 nostra
1251 1518 1318 1572 sale.

581 1605 670 1672 Atque
684 1603 751 1656 adeo
766 1603 857 1655 satirae
871 1603 944 1655 facili
958 1601 1024 1654 mibi
1038 1602 1100 1669 loge
1114 1602 1247 1664 colentur,

648 1687 719 1739 Dum
731 1688 825 1738 tamen
837 1683 865 1736 in
878 1683 974 1739 Satiris
987 1685 1024 1736 sit
1038 1685 1132 1738 Vo'nus
1145 1682 1203 1735 ulla
1214 1683 1293 1736 meis.
1309 1701 1323 1735 »
1337 1682 1347 1720 1

351 1823 431 1898 Quae
466 1826 578 1901 verba,
603 1847 622 1891 a
656 1845 755 1892 sensu
779 1846 876 1912 parce
903 1825 1041 1903 detorta,
1070 1824 1255 1908 significant
1283 1825 1520 1908 Pasquierium,
1550 1831 1585 1888 ut

350 1921 448 2009 longe
470 1923 589 1990 Catulli
603 1927 740 2010 vestigia
755 1931 913 2002 secutum,
929 1927 976 1990 sic
989 1926 1138 1990 Persium
1161 1931 1193 1989 ct
1210 1924 1401 1989 Juvanalem
1418 1923 1584 1988 moderate

351 2041 424 2087 osse
442 2024 642 2089 aemulatum.

393 2120 495 2188 Nemo
525 2124 609 2188 enim
635 2124 764 2208 longius
782 2143 800 2188 a
816 2123 1019 2188 satiricorum
1045 2128 1161 2186 natura
1193 2121 1374 2200 abborruit,
1406 2141 1501 2205 quam
1529 2122 1584 2205 qni

311 2267 313 2271 ,
350 2221 438 2283 omni
453 2221 681 2296 amaritudine,
698 2223 766 2298 bili,
782 2221 835 2286 vel
846 2221 998 2306 superbia
1008 2221 1123 2284 caruit.
1138 2221 1261 2284 Prarus
1273 2220 1403 2304 quidem
1413 2221 1582 2284 hominum

350 2338 459 2383 mores
474 2326 574 2395 notat,
592 2341 658 2384 non
673 2327 780 2386 autem
796 2321 1004 2404 indignatur;
1026 2339 1125 2404 pravo
1139 2319 1236 2395 sacta,
1253 2338 1354 2403 prave
1369 2319 1462 2394 dicta,
1485 2339 1584 2384 sanus

350 2418 446 2482 bomo
478 2425 510 2482 et
537 2419 666 2503 sapidus
685 2418 823 2495 deridet,
856 2419 973 2484 festiva
1001 2420 1108 2502 potins
1144 2438 1240 2501 quam
1267 2418 1396 2482 acerbe.
1426 2419 1584 2483 Montanii

350 2517 473 2580 amicus
500 2524 639 2594 acutam,
661 2518 835 2602 benignam
864 2516 1099 2602 indulgentiam
1127 2515 1299 2600 profitetur
1328 2515 1457 2600 qnando
1487 2518 1583 2584 insita

349 2616 499 2680 bumanae
514 2624 640 2680 naturae
656 2617 732 2681 vitia
746 2615 976 2700 animadvertit
991 2635 1030 2680 ac
1044 2614 1138 2678 ludit.
1157 2616 1278 2680 Censet
1296 2621 1329 2680 et
1346 2617 1416 2698 ipsa
1428 2616 1584 2699 Pasquie-

351 2715 419 2778 rins
436 2717 537 2780 satius
562 2735 634 2781 esse
653 2717 739 2780 mala
762 2722 876 2780 nostra
893 2714 1001 2781 ridere
1028 2734 1124 2798 quam
1153 2715 1179 2778 si
1207 2715 1265 2792 eis,
1281 2715 1313 2778 vi
1328 2714 1438 2792 nimia,
1465 2714 1582 2780 effectu

349 2813 451 2902 nulle,
469 2805 686 2884 succenseas

391 2915 497 2998 Negat
515 2914 548 3006 id
573 2916 725 3000 primum,
750 2935 784 2979 se
808 2933 951 2997 unquam
973 2914 1100 2997 privato
1118 2913 1241 2976 bomini
1259 2914 1312 2978 vel
1330 2912 1461 2979 feminae
1486 2915 1584 2980 male-

350 3013 492 3079 dixisse:
511 3040 526 3074 «
543 3014 691 3086 Aliorum
706 3016 783 3079 vitia
797 3033 862 3077 non
878 3013 1009 3097 agnovi,
1026 3013 1099 3076 etsi
1115 3013 1317 3096 agnoverim,
1334 3013 1456 3097 ignovi,
1480 3021 1515 3079 ut
1531 3015 1584 3098 qni

335 3113 535 3202 nominibus
548 3115 752 3198 pepercerim
767 3137 797 3176 ».
816 3115 828 3154 ²

431 3259 433 3264 ’
514 3286 529 3320 u
547 3268 616 3330 Quis
631 3268 696 3321 mihi
719 3268 755 3320 sit
777 3269 888 3330 Sextus,
906 3269 1028 3331 Marcus,
1043 3267 1228 3331 Theobaldus,
1244 3274 1272 3320 ct
1284 3269 1384 3332 AuluS,

575 3395 576 3398 ,
613 3349 751 3403 Maximus
765 3356 793 3402 et
805 3350 920 3413 Paulae,
935 3351 1023 3412 Galla,
1039 3351 1174 3411 Marinae,
1192 3348 1263 3410 Ado,

548 3432 653 3494 Quidve
670 3433 770 3486 Sabina
785 3434 861 3497 mihi,
876 3435 938 3502 quis
952 3433 1045 3496 Curio,
1061 3433 1204 3495 FervidnS,
1219 3437 1322 3497 Arana,

535 3577 536 3580 Ἴ
613 3516 654 3568 Ne
668 3531 786 3584 quaerast,
800 3531 896 3568 verum
910 3515 1021 3581 nomina
1034 3516 1098 3567 ficta
1112 3520 1203 3584 putee.

547 3599 661 3651 Parcere
674 3597 832 3670 nominibus
846 3597 899 3650 fuit
912 3598 964 3651 hoc
975 3598 1100 3650 solemne
1114 3598 1204 3666 poetis

614 3681 685 3733 Dum
699 3679 752 3732 sibi
767 3679 840 3749 quod
854 3679 935 3732 libuit
948 3696 1058 3749 carpere
1076 3696 1159 3749 posse
1177 3685 1284 3749 putant.

548 3761 620 3823 Quid
634 3761 657 3815 si
671 3762 832 3814 criminibus
846 3762 910 3814 dum
924 3778 980 3815 non
997 3761 1128 3830 indulgeo
1142 3778 1236 3831 pecca,

612 3845 699 3914 Inque
712 3860 773 3898 meo
785 3846 878 3898 forsan
892 3845 1011 3897 carmine
1023 3843 1125 3898 crimen
1138 3841 1232 3898 inest?

548 3927 602 3989 Qui
614 3926 690 3981 vitiis
704 3927 774 3980 male
790 3928 859 3991 vult,
874 3927 1000 3981 homines
1015 3927 1107 3981 odisse
1121 3944 1235 3982 necesse
1249 3934 1301 3992 est,

609 4010 644 4062 nt
656 4008 753 4062 vitium
768 4014 820 4072 est,
834 4007 901 4062 vitio
916 4025 1026 4078 parcere
1039 4009 1114 4062 nolle
1127 4015 1184 4062 tuo.

547 4091 713 4145 Nominibus
726 4096 819 4143 tamen
832 4096 875 4143 est
886 4091 1002 4143 aliorum
1020 4106 1130 4160 parcere
1148 4096 1262 4154 certum,

614 4175 648 4226 Et
660 4189 781 4242 parcam,
795 4173 916 4242 populus
930 4179 1024 4242 parcat
1037 4178 1068 4227 ut
1081 4173 1144 4226 inde
1158 4172 1224 4225 mihi
1244 4188 1251 4238 ς

546 4259 637 4324 Atque
651 4254 711 4308 haec
725 4271 757 4308 ex
771 4259 866 4309 nostro
879 4256 1013 4308 referetur
1027 4255 1114 4324 gratia
1127 4270 1209 4308 versu

613 4339 710 4392 Pareat
724 4343 755 4391 ut
769 4342 796 4390 et
810 4339 927 4402 cunctis,
940 4337 1031 4392 omnia
1049 4342 1143 4407 carpat
1155 4337 1221 4389 item
1236 4355 1259 4389 u.
1274 4337 1286 4376 ³

382 4577 392 4616 1
457 4579 504 4641 .l,
554 4619 559 4630 .

382 4669 394 4708 ²
412 4577 584 4739 ggismffad
598 4668 700 4722 Christ.
715 4668 872 4731 Thuanum,
886 4670 907 4720 t.
922 4668 945 4731 I,
959 4683 1006 4736 pp.
1023 4665 1175 4720 1126-1127.

383 4760 395 4800 ³
413 4761 505 4831 Epigr.
520 4761 568 4824 III,
581 4760 622 4816 70.
637 4760 689 4815 Ad.
707 4760 750 4816 cl.
767 4758 935 4815 Rebursium
953 4755 1098 4812 medicum.

630 5115 952 5224 f,
