3614 5442
833 492 837 497 .
940 491 1055 546 ’6-

378 695 533 773 Junioris,
564 700 597 760 et
619 693 755 759 Ausonii
782 693 808 769 ¹,
837 691 1077 775 multorumque
1103 689 1158 776 qui
1179 689 1266 775 apud
1299 688 1499 755 recentiores
1519 689 1613 753 11111

381 795 525 881 poeticos
535 814 614 859 cum
630 793 727 859 rebus
741 793 836 857 seriis
849 788 1149 857 accommodarunt.

422 902 457 968 ld
473 903 568 969 etiam
585 900 776 985 Pasquierio
795 897 1021 984 objectabatur
1034 897 1121 982 quod
1140 897 1221 983 joci,
1247 903 1278 962 et
1304 896 1441 974 facetiae,
1468 899 1501 961 et
1523 894 1615 960 lesti-

380 1003 490 1068 viores
511 1000 580 1065 ludi
602 1000 687 1065 male
710 1018 783 1064 cum
803 1004 908 1083 poetae
928 1002 1024 1062 aetate
1049 1002 1280 1081 congruerent.
1301 995 1418 1061 Libere
1441 1014 1480 1060 11
1498 994 1614 1079 jocose

381 1099 557 1185 respondet
569 1098 677 1164 adhuc
691 1117 726 1162 se
740 1103 849 1162 mente
863 1097 989 1180 vigere,
1014 1097 1041 1160 si
1063 1115 1129 1161 non
1151 1113 1287 1180 corpore
1300 1095 1450 1174 omnino,
1472 1112 1568 1178 porro
1586 1095 1614 1158 si

381 1186 534 1265 senectus
564 1215 675 1262 seeum
702 1195 796 1261 affert
817 1195 974 1260 nonnulla
998 1200 1031 1260 ot
1054 1194 1153 1260 animi
1175 1200 1207 1259 ot
1229 1195 1375 1279 eorporis
1396 1191 1612 1270 incommoda,

381 1299 530 1364 hilariter
556 1296 634 1361 dicit
659 1295 746 1361 velle
775 1315 874 1360 seeo
903 1295 1006 1380 magis
1033 1295 1221 1360 incitarint
1249 1296 1426 1360 etiamtunc
1450 1291 1554 1357 rideat
1576 1311 1615 1357 11

382 1397 534 1484 gaudeat.
560 1396 716 1461 Ceterum
740 1396 863 1460 asserit.
877 1415 912 1460 se
935 1395 1057 1479 ubique
1083 1394 1123 1459 ab
1147 1395 1298 1460 obscenis
1321 1393 1415 1458 dictis
1438 1392 1493 1458 vel
1514 1393 1614 1457 rebus

383 1517 451 1582 prae
465 1494 664 1562 verecundia
679 1495 885 1560 abstinuisse.

425 1605 538 1670 Restat
552 1605 684 1668 tertium
699 1603 834 1679 crimen,
849 1600 935 1685 qnod
949 1620 1015 1665 uno
1024 1601 1129 1665 terme
1138 1600 1239 1666 verbo
1250 1599 1390 1686 repellit.
1405 1599 1551 1666 Credere
1565 1605 1615 1664 est

383 1702 556 1787 quemdam
572 1701 616 1764 illi
633 1701 710 1764 vitio
730 1699 859 1765 dedisse
879 1699 964 1784 quod
978 1700 1126 1785 pessimis
1144 1700 1256 1784 patriae
1278 1699 1478 1783 temporibus
1501 1717 1613 1783 parum

381 1802 543 1878 turbatus,
577 1801 611 1863 ln
641 1799 757 1872 mediis
786 1789 975 1884 reipublicae
1004 1797 1168 1884 procellis
1201 1799 1285 1885 jocis
1318 1806 1350 1864 et
1379 1799 1616 1883 intempestivis

383 1901 508 1966 lusibus
521 1899 713 1966 vacavisset.
729 1897 919 1982 Respondet
932 1897 1154 1981 PasquieriuS,
1169 1897 1255 1962 virili
1269 1898 1407 1982 quadam
1422 1917 1484 1964 nec
1493 1898 1616 1963 incivili

384 2000 576 2072 constantia,
596 2004 751 2064 statutum
772 1996 925 2063 habuisse
951 2003 998 2074 ut,
1028 1997 1129 2061 invita
1155 1997 1324 2063 sceleratae
1352 1998 1456 2064 aetatis
1480 1997 1613 2074 malitia,

383 2100 485 2164 invita
506 2101 603 2164 etiam
630 2102 811 2176 senectute,
844 2097 940 2182 genio
969 2095 1165 2180 indulgeret,
1190 2097 1353 2161 tristitiam
1377 2097 1483 2180 quoad
1506 2103 1616 2182 posset

383 2198 547 2284 rejiceret,
564 2198 635 2262 sine
650 2203 783 2281 peccato
798 2202 941 2260 mentem
956 2214 1069 2260 sanam
1084 2202 1181 2279 atque
1196 2196 1333 2261 hilarem
1348 2196 1408 2260 sihi
1423 2202 1573 2262 servaret
1587 2199 1613 2258 ².

386 2297 467 2372 Quae
492 2296 715 2380 responsionis
735 2314 811 2381 pars
833 2294 907 2380 (hoc
929 2293 1252 2360 animadvertendum
1271 2314 1389 2360 censeo
1412 2314 1476 2377 quo
1499 2293 1616 2360 melius

385 2397 485 2480 animi
499 2394 681 2460 constantia
699 2393 894 2458 Paschasius
916 2394 1084 2479 probetur)
1111 2395 1228 2478 scripta
1257 2400 1306 2459 est
1333 2394 1482 2479 pessimis
1508 2395 1617 2478 reipn'-

385 2494 479 2557 blicae
497 2492 708 2575 temporibus,
724 2511 809 2556 anno
822 2492 947 2556 seilicet
965 2491 1130 2568 MDXCll,
1149 2511 1260 2557 mense
1273 2493 1440 2558 11111111.

426 2602 557 2666 Revera
571 2599 696 2665 leviora
710 2599 815 2664 studia
834 2598 947 2662 studiis
970 2600 1190 2664 severioribus
1213 2599 1449 2677 intermiscere,
1473 2601 1616 2666 animum

302 2735 305 2739 ·
384 2700 457 2765 foro
474 2699 616 2783 quotidie
633 2699 744 2763 tritum
763 2697 848 2782 jocis
871 2717 909 2763 ac
929 2697 1053 2791 lusibus
1078 2698 1317 2764 liberalioribus
1340 2699 1490 2772 reficere,
1506 2698 1619 2764 ealuit

386 2799 577 2883 Pasquierio
590 2799 674 2862 ratio
697 2797 838 2862 vivendi.
859 2797 1006 2862 Rebatur
1019 2799 1116 2874 enim,
1134 2799 1230 2863 homo
1249 2805 1282 2863 et
1304 2806 1414 2864 mente
1430 2805 1462 2864 et
1479 2817 1618 2883 corpore

385 2901 527 2982 integer,
556 2895 707 2962 studiosis
731 2915 866 2961 necesse
891 2916 965 2961 1111
983 2914 1094 2962 curam
1112 2897 1212 2975 curis,
1236 2898 1367 2963 labores
1389 2898 1555 2963 laboribus
1572 2899 1618 2964 ita

386 3005 570 3083 temperare
591 3001 627 3060 ut
645 2998 772 3060 animus
794 3014 924 3080 semper
953 2994 1161 3072 exercitatus,
1185 2995 1364 3061 exhaustus
1378 3016 1557 3081 nunquam,
1570 2997 1617 3063 „ad

387 3115 501 3162 omnes
519 3114 597 3159 usus
610 3095 722 3177 utique
737 3099 869 3177 paratus
882 3093 1020 3176 vigeret.
1039 3129 1081 3140 —
1100 3093 1169 3159 Nec
1186 3113 1244 3159 sua
1267 3113 1342 3159 eum
1357 3093 1474 3159 fefellit
1488 3097 1615 3180 opinio;

386 3214 462 3259 nam
477 3193 554 3258 dum
571 3193 778 3279 juventutem
794 3191 904 3256 arduis
922 3191 1037 3256 studiis
1061 3199 1251 3277 occupatam
1274 3191 1408 3258 lascivia
1425 3193 1618 3278 galhcorum

387 3297 612 3379 poematorum
637 3289 777 3368 relaxat,
806 3296 965 3355 maturam
997 3297 1126 3356 aetatem
1152 3293 1259 3356 causis
1286 3290 1429 3370 orandis,
1456 3292 1619 3358 historicis

386 3392 479 3457 libris
495 3380 727 3475 componendis
743 3389 922 3463 districtam
939 3389 1044 3453 latinis
1058 3389 1152 3473 nugis
1167 3395 1266 3456 noctu
1288 3390 1404 3468 reficit,
1426 3398 1458 3456 ot
1473 3390 1618 3456 validum

387 3510 506 3576 corpus
517 3495 550 3554 et
558 3489 718 3574 integram
729 3493 884 3564 mentem,
895 3485 1074 3551 tolerandis
1083 3493 1258 3570 utrumque
1268 3489 1341 3574 plus
1355 3509 1450 3572 quam
1462 3490 1619 3554 senilibus

387 3589 554 3656 laboribus
568 3605 692 3671 parem,
709 3605 812 3670 usque
831 3584 870 3650 ad
885 3590 1066 3649 extremam
1085 3591 1287 3651 senectutem
1306 3593 1416 3652 servat
1431 3589 1455 3652 ³.

428 3697 522 3762 Musa
546 3701 684 3779 utraque
706 3713 784 3758 usus
807 3699 857 3758 est
876 3692 1087 3777 Pasquierius
1104 3692 1191 3758 haud
1206 3681 1301 3759 ita'ut
1323 3695 1400 3759 inde
1423 3695 1484 3760 sibi
1499 3715 1619 3761 nomen

387 3801 530 3883 pararet,
546 3812 676 3858 necnon
697 3798 802 3877 poetae
820 3792 958 3876 gloriam
975 3790 1149 3856 invaderet
1162 3792 1187 3870 ⁴,
1213 3812 1309 3876 quam
1322 3800 1368 3868 ut,
1384 3792 1483 3877 (quod
1496 3795 1620 3879 opinor)

421 4077 432 4118 1
451 4077 493 4132 Gi.
508 4075 601 4148 Epigr.
617 4075 653 4139 ll,
668 4076 708 4128 ll.

653 4206 790 4262 «Tullius
805 4212 832 4260 ct
844 4223 942 4262 versus
956 4205 1067 4276 scripsit
1080 4212 1108 4260 et
1120 4205 1272 4272 Ausonius,
1286 4209 1338 4261 etc.
1354 4223 1368 4258 »
1463 4277 1464 4282 ἵ

420 4327 434 4366 ²
450 4325 543 4397 Epigr.
562 4325 622 4389 Vll,
640 4324 689 4396 136
700 4321 784 4390 (Edit.
799 4323 873 4390 1618,
887 4340 914 4394 p.
933 4324 1002 4388 229).

421 4435 516 4489 ³Lett.
531 4431 565 4485 de
578 4429 667 4486 Nicol.
682 4430 825 4500 Pasquier,
839 4431 886 4494 lV,
900 4431 927 4494 2,
942 4435 969 4484 et
984 4430 1030 4496 IV,
1045 4430 1085 4484 ll.

422 4539 434 4582 1
448 4537 520 4594 Dicit
533 4543 636 4602 tamen,
651 4537 700 4590 sed
715 4535 822 4606 poetica
834 4534 952 4606 quadam
965 4534 1121 4605 arrogantia
1137 4550 1142 4588 :

620 4669 636 4706 1
654 4651 799 4722 Ingenium
814 4651 937 4722 expressi
949 4651 1025 4706 varie
1038 4667 1175 4722 prosaque
1188 4655 1340 4730 metroque.

719 4735 802 4787 Fama
816 4739 847 4787 ut
859 4738 922 4802 post
935 4732 1041 4787 cineres
1055 4730 1241 4803 splendidiore
1252 4731 1327 4784 fruar
1340 4749 1364 4784 ›>.

722 4814 829 4887 (Steph.
844 4813 985 4872 Paschasii
999 4814 1187 4887 Epitaphium,
1201 4813 1234 4868 T.
1247 4814 1283 4878 ll,
1298 4831 1324 4883 p.
1339 4813 1409 4880 934),
