3614 5442
940 533 1071 588 ..20-

429 737 519 820 Ergo
555 733 765 818 Pasqnierins
796 738 975 796 amatorem
1005 733 1115 816 utique
1147 733 1310 809 mentitus,
1345 732 1466 798 nullam
1499 735 1619 798 amavit

391 832 555 919 puellam?
571 830 664 907 Quod
679 835 804 896 contra.
821 829 938 895 Plures
952 831 1047 894 simul
1061 830 1191 906 amavit,
1209 835 1244 893 ut
1258 831 1399 914 ingenua
1414 831 1555 896 fatetur:

651 1003 666 1040 «
685 989 818 1056 Tempore
831 989 887 1038 tres
900 1001 956 1038 uno
971 985 1044 1040 colui
1058 985 1190 1054 quinasve
1203 985 1322 1055 puellas,

716 1071 806 1138 Atque
819 1068 888 1122 adeo
902 1066 995 1137 plures
1008 1084 1081 1121 nunc
1094 1067 1215 1121 coluisse
1224 1067 1315 1136 juvat.
1331 1085 1345 1120 »
1363 1067 1370 1106 ¹

386 1216 436 1280 Re
459 1231 539 1277 vera
560 1215 664 1274 totum
681 1208 839 1274 muliebre
859 1227 963 1294 genus
991 1208 1146 1292 diligebat
1170 1215 1295 1286 noster,
1323 1209 1486 1274 femineos
1515 1217 1618 1277 coetus

386 1313 438 1376 vir
472 1309 581 1396 gravis
615 1307 729 1393 cupido
755 1308 997 1386 associabatur,
1021 1309 1216 1373 feminarum
1246 1310 1453 1374 sermonibus
1484 1311 1618 1376 unice²

387 1408 560 1494 gaudebat,
582 1407 760 1472 femineum
782 1408 949 1492 ingenium
965 1407 1127 1490 praecipue
1146 1405 1327 1471 aestimabat
1345 1407 1370 1468 ³.
1388 1407 1479 1472 Unus
1495 1407 1555 1472 fuit
1577 1427 1618 1473 ex

386 1509 571 1573 hominibus
592 1506 658 1570 illis
685 1506 750 1590 qui,
780 1506 925 1570 moribus
960 1506 1108 1590 integris
1132 1525 1150 1570 a
1177 1504 1363 1569 libidinibus
1389 1505 1615 1585 abhorrentes

386 1607 560 1673 mulierum
575 1605 770 1671 commercio
781 1625 820 1669 eo
831 1605 933 1690 magis
948 1602 1165 1681 delectantur,
1176 1623 1239 1688 quo
1249 1604 1379 1687 longius
1393 1605 1619 1688 provehuntur

387 1714 493 1772 aetate.
516 1709 600 1773 Rem
621 1709 690 1789 ipse
714 1708 852 1769 testatur
876 1703 1096 1786 PasquieriuS,
1123 1702 1199 1766 dum
1227 1704 1375 1787 queritur
1399 1723 1434 1768 se
1452 1704 1616 1790 juniorem
1685 1733 1692 1736 ·
1796 1717 1797 1758 1

386 1827 500 1894 parum
527 1804 664 1871 amando
690 1803 881 1888 profecisse,
911 1807 1021 1886 sperat
1048 1807 1155 1866 autem
1180 1801 1252 1866 fore
1277 1808 1312 1866 nt
1339 1809 1486 1870 maturus
1513 1807 1617 1892 magis

386 1905 533 1994 proficiat
545 1926 552 1970 :

719 2070 734 2105 »
757 2090 878 2106 ........
895 2051 948 2114 fac,
963 2052 1057 2114 Amor,
1072 2054 1103 2102 ut
1116 2048 1153 2102 sit

689 2135 814 2204 Amplior
826 2138 959 2187 autumno
967 2149 1054 2202 quam
1069 2131 1135 2183 mihi
1148 2148 1211 2186 vere
1225 2131 1319 2186 favor!
1334 2132 1346 2172 t
1363 2149 1378 2186 »

385 2281 539 2346 Amorem
562 2277 680 2361 quippe
700 2274 804 2350 illum,
830 2274 958 2358 qualem
981 2272 1190 2355 Pasquierius
1211 2271 1426 2357 intelligebat,
1442 2280 1616 2352 costuma

384 2397 484 2443 sensu
498 2377 653 2452 alienum,
668 2380 771 2438 toturn
785 2378 894 2436 mente
915 2391 954 2436 ac
976 2370 1062 2436 dnlci
1081 2370 1219 2455 quadam
1238 2372 1373 2436 caritate
1397 2379 1613 2453 constantem,

385 2477 467 2544 adeo
481 2495 546 2539 non
560 2473 680 2537 dirimit
701 2477 778 2535 aetas
800 2475 835 2534 nt
857 2489 930 2534 eum
949 2475 1068 2552 augeat
1089 2488 1128 2533 ae
1148 2469 1258 2535 lovcal
1272 2472 1297 2533 ⁵.
1321 2469 1414 2545 Quod
1429 2471 1614 2558 significare

384 2576 488 2642 voluit
502 2580 625 2648 noster,
646 2577 682 2635 ut
695 2569 854 2653 suspicor,
869 2568 1012 2652 eleganti
1026 2567 1089 2634 hoe
1105 2570 1366 2653 Epigrammata:

499 2749 514 2782 «
537 2769 576 2782 ...
598 2727 707 2782 Miraris
722 2726 795 2796 quod
809 2741 908 2788 antem,
923 2725 995 2794 quod
1013 2741 1109 2777 amans
1123 2724 1327 2794 Epigrammata
1342 2727 1469 2791 scribam,

663 2809 796 2863 Versibus
809 2807 892 2876 inque
907 2807 975 2860 meis
988 2824 1031 2859 me
1045 2801 1134 2861 nouus
1148 2814 1209 2862 urat
1223 2825 1316 2863 amor:

597 2893 719 2948 insanire
733 2891 794 2959 (ais)
808 2891 861 2944 boe
875 2896 917 2943 est
930 2896 957 2942 et
970 2907 1142 2959 puerascere.
1162 2887 1285 2952 Quidni?

662 2977 768 3044 Nempe
781 2974 896 3026 insanus
909 2988 996 3036 amor,
1011 2989 1109 3041 nempe
1123 2973 1231 3043 Cupido
1243 2991 1320 3043 puer.

596 3060 650 3114 Sed
663 3075 725 3111 cum
740 3057 855 3109 insanus
867 3071 953 3118 amor,
966 3061 1057 3108 tamen
1071 3053 1130 3106 haec
1144 3054 1251 3108 insania
1262 3055 1338 3109 lucro
1353 3063 1404 3120 est,

670 3141 738 3201 Quae
753 3139 819 3192 mihi
833 3137 981 3191 reddiderit
994 3153 1041 3191 cor
1050 3137 1174 3206 juvenile
1186 3139 1256 3190 seni.
1272 3157 1286 3190 »
1299 3139 1310 3178 6

422 3281 630 3366 Pasquierius
656 3279 755 3364 igitur
778 3280 930 3342 mentitos
954 3296 1082 3342 amores
1108 3277 1306 3354 celebravit,
1338 3277 1430 3343 fictas
1466 3279 1613 3345 dominas

412 3587 423 3626 1
439 3590 460 3642 E
482 3627 487 3638 .
503 3588 538 3650 ll,
550 3585 576 3638 9.

412 3605 597 3750 ἳνῗΙοοωιω
620 3691 668 3744 lib.
693 3691 717 3744 ΙΙ
740 3690 793 3757 (od.
818 3689 891 3753 1618,
910 3705 936 3758 p.
959 3689 1036 3754 287):

642 3791 657 3826 «
675 3770 776 3829 Venari
796 3773 899 3841 potius,
922 3787 1003 3840 quam
1026 3769 1092 3823 mihi
1110 3771 1202 3840 praeda
1215 3769 1304 3840 placet
1322 3787 1346 3823 u.

411 3882 423 3922 ³
439 3882 470 3936 V.
485 3899 499 3934 «
514 3884 553 3936 La
562 3881 693 3950 jeunesse
707 3880 740 3932 do
755 3878 887 3947 Pasquier
900 3877 985 3946 (1613)
1001 3894 1024 3930 ».
1048 3907 1079 3915 —
1103 3878 1145 3931 of.
1161 3880 1199 3932 La
1212 3895 1226 3930 «
1241 3879 1314 3932 Puce
1328 3895 1354 3941 »,
1368 3877 1395 3930 la
1408 3894 1424 3931 «
1440 3879 1517 3932 Main
1536 3896 1560 3932 ».
1580 3909 1610 3917 —

379 3964 510 4034 Epistolae
541 3965 636 4034 plures
668 3968 733 4015 sunt
759 3960 861 4031 quibus
892 3977 922 4013 se
954 3960 1099 4028 profitetur
1128 3959 1215 4013 fuisso
1240 3977 1254 4012 «
1277 3959 1303 4012 le
1338 3960 1530 4030 Paranymphe
1561 3961 1610 4015 des

377 4048 492 4100 somnies
509 4065 532 4107 »,
553 4047 598 4101 vel
615 4063 630 4098 «
649 4046 675 4099 le
688 4043 832 4100 chevalier
854 4043 1008 4096 d'honneur
1019 4042 1053 4095 de
1068 4046 1160 4096 tontes
1173 4043 1214 4096 los
1235 4044 1350 4097 femmes
1365 4061 1389 4097 ».
1403 4045 1436 4098 V.
1452 4046 1535 4108 Lett,
1548 4045 1609 4110 Vll,

376 4131 420 4193 34,
435 4133 457 4196 l,
472 4131 512 4184 18.

409 4239 527 4308 lEpigr.
543 4238 591 4300 ΙΙΙ,
602 4237 645 4292 28.
661 4266 691 4274 -
706 4235 747 4289 cf.
763 4251 777 4287 «
793 4235 862 4288 deux
877 4232 1023 4303 poetiques
1039 4249 1053 4284 »
1069 4233 1116 4286 lV⁶
1131 4232 1218 4302 partie
1234 4231 1275 4300 (T.
1291 4234 1326 4297 ll,
1341 4250 1369 4302 p.
1384 4233 1454 4300 882).

623 4353 638 4388 «
657 4334 728 4390 Las!
745 4334 773 4390 Si
787 4334 945 4387 l'Autonine
961 4337 1004 4384 est
1018 4332 1052 4384 de
1067 4332 1164 4385 fruiets
1178 4332 1345 4401 despouille,

656 4420 712 4487 Fay
727 4433 798 4487 pour
811 4416 837 4469 le
853 4414 942 4469 meins
956 4431 1009 4484 que
1024 4430 1089 4468 mon
1103 4417 1241 4469 Automne
1257 4415 1356 4468 cueille

655 4501 723 4554 Plus
737 4500 834 4552 d’heur
848 4499 882 4552 de
896 4503 945 4567 toy
959 4514 1012 4567 que
1023 4497 1053 4566 je
1068 4497 1147 4550 n'eus
1160 4514 1195 4550 au
1210 4497 1368 4568 Printemps
1384 4515 1408 4551 ›>.

408 4587 449 4640 cf.
467 4583 596 4656 Epistol,
612 4584 660 4637 lib.
673 4585 720 4647 Vl,
734 4585 749 4636 1
764 4585 805 4649 (T.
822 4583 856 4645 ll,
871 4598 897 4651 p.
914 4581 972 4645 158)

406 4693 417 4732 ⁵
436 4695 466 4746 T.
483 4693 515 4755 ll,
527 4709 573 4762 pp.
588 4690 707 4746 897898.
723 4691 793 4744 Lett.
810 4690 844 4742 de
859 4690 890 4742 P.
914 4690 930 4740 a
950 4689 990 4742 Μ.
1006 4687 1124 4751 Airault,
1139 4705 1174 4741 en
1188 4689 1242 4742 tete
1265 4689 1299 4742 do
1321 4692 1388 4745 «La
1406 4689 1548 4743 Pastorale
1570 4689 1606 4742 du

373 4775 505 4829 Vieillard
517 4789 667 4827 amoureux
682 4790 706 4825 u.

404 4876 416 4916 ⁶
435 4875 527 4945 Epigr.
543 4876 565 4938 l,
578 4876 620 4927 74.
634 4874 686 4928 Ad.
701 4875 766 4926 Ant.
782 4871 951 4942 Loysellum.
966 4899 998 4911 -
1013 4871 1055 4925 Ci.
1072 4871 1142 4924 Lett.
1157 4870 1204 4933 Vl,
1218 4870 1235 4924 3
1249 4874 1276 4922 et
1289 4872 1303 4923 1
1320 4871 1435 4934 et11‚5.
