3614 5442
806 512 938 566 -31-
1044 507 1047 514 ’

252 711 440 778 describere
467 711 501 775 in
523 709 648 775 deliciis
670 709 822 788 habebat,
847 731 944 795 quam
968 710 1167 776 uberrimam
1184 711 1318 796 jocandi
1340 717 1488 796 segetem

251 810 455 876 Rebelaesius
463 809 611 875 Molierio
620 810 691 875 iere
700 811 862 894 integram
872 812 1061 887 transmisit,
1073 809 1241 876 Molierius
1254 817 1363 877 autem
1382 811 1486 876 nobis.

296 909 415 987 Semel,
430 916 466 973 ut
493 911 618 993 opinor,
642 911 808 994 perpetuis
831 908 1031 974 medicorum
1058 911 1289 976 certaminibus
1313 931 1351 976 ao
1369 910 1488 995 jurgiis

250 1009 411 1084 interfuit,
428 1027 494 1072 non
509 1013 546 1072 ut
559 1007 723 1073 Paracelsi
737 1013 846 1092 partes
860 1007 1019 1072 adversus
1034 1007 1150 1074 Caleni
1159 1008 1334 1074 factionem
1347 1009 1486 1085 foveret,

252 1105 312 1172 sed
326 1105 423 1191 (quod
433 1106 541 1191 potius
555 1109 616 1191 est)
629 1112 665 1170 ut
674 1106 868 1172 medicinam
887 1126 1018 1183 novam,
1037 1108 1098 1171 etsi
1116 1107 1270 1172 audacior
1286 1108 1358 1184 fuit,
1375 1113 1489 1172 contra

251 1205 448 1270 tralaticium
465 1224 505 1271 ac
517 1204 735 1270 inveteratum
749 1203 902 1270 medendi
914 1225 1008 1270 usum
1023 1211 1191 1271 tueretur:

435 1369 451 1403 ‹
470 1351 577 1407 Dicitur
590 1368 652 1405 csse
665 1368 755 1406 novus
768 1351 847 1405 vobis
857 1349 1029 1414 Paracelsus,
1044 1352 1079 1404 ob
1092 1352 1175 1421 idque

536 1435 646 1489 Crimen
660 1436 688 1487 in
702 1436 851 1488 obscurum
863 1434 977 1503 pellitur
989 1433 1111 1488 exilium.

468 1519 505 1570 At
518 1531 608 1570 novus
623 1515 813 1584 Hippocraten
827 1531 917 1570 novus
931 1521 959 1568 et
972 1513 1156 1584 Chrysippus,
1176 1521 1206 1567 ut
1227 1513 1273 1567 ille

532 1597 628 1650 Romae
641 1595 831 1664 Asclepiades,
846 1600 970 1665 tempore
984 1595 1101 1664 quisque
1116 1591 1186 1650 suo.¹

470 1676 523 1739 Qui
536 1691 608 1730 nova
621 1675 769 1740 damnatis,
783 1682 891 1730 veteres
904 1675 1041 1728 damnetis
1055 1682 1174 1746 oportet,

533 1760 590 1811 Aut
603 1756 657 1809 ista
669 1756 739 1809 nihil
757 1762 801 1810 ost
813 1757 842 1810 in
855 1756 977 1811 novitate
991 1757 1055 1812 novi
1069 1775 1094 1810 a.
1109 1756 1120 1795 ¹

254 1893 387 1958 Usitatis
405 1891 516 1975 etjam
535 1893 618 1956 tritis
632 1893 665 1955 in
680 1889 822 1956 medicos
844 1891 969 1956 facetiis
992 1890 1185 1974 plerumque
1209 1893 1310 1956 utitur
1332 1892 1487 1976 Pasquie-

252 1993 332 2055 rius.
350 1992 445 2055 Nunc
458 1990 550 2074 fingit
564 2010 600 2055 se
615 1988 800 2056 Calliodoro
817 1989 943 2054 medico
957 1991 1004 2052 uti
1019 1988 1106 2053 nolle
1122 2005 1219 2073 quem
1242 1996 1339 2054 antea
1362 1989 1488 2056 adoles-

254 2093 382 2154 centem
398 2095 576 2165 amaverat,
592 2090 679 2152 omni
694 2106 774 2152 cura
788 2087 928 2164 leverat,
939 2089 1179 2170 sciscitantique
1189 2107 1285 2171 quam
1300 2088 1341 2153 ob
1355 2107 1487 2154 causam

253 2188 351 2272 longe
365 2207 383 2252 a
397 2186 523 2252 medico
538 2187 725 2264 abhorreat,
741 2187 961 2272 respendere:

507 2360 522 2395 c
537 2342 718 2398 Consuluisse
732 2343 782 2396 tibi
795 2347 861 2396 tunc
875 2342 1006 2413 temporis
1019 2343 1079 2412 ipse
1093 2342 1238 2408 uolebam:

599 2427 680 2480 Nunc
692 2426 766 2488 volo,
781 2425 804 2478 si
819 2425 930 2495 quaeda,
946 2425 1123 2478 consuluisse
1137 2425 1204 2478 mihi
1220 2443 1244 2478 a.
1261 2425 1274 2464 ²

251 2557 313 2621 Hic
326 2556 487 2621 medicum
502 2557 634 2634 inducit,
646 2557 781 2643 justitiae
791 2577 829 2623 ac
838 2557 986 2643 judicum
996 2564 1204 2641 arrogantem
1215 2564 1486 2642 contemptorem,

251 2676 348 2740 quem
362 2658 407 2721 ita
420 2657 584 2741 increpat:

466 2829 481 2864 c
499 2851 539 2863 ...
553 2812 652 2875 Credo,
666 2829 730 2864 nam
744 2812 867 2865 medicus
881 2817 922 2864 tot
932 2812 990 2880 jam
1005 2811 1052 2881 qui
1066 2811 1181 2864 sustulit
1195 2812 1271 2874 olim,

564 2897 702 2949 Debuerat
715 2895 798 2964 plecti
812 2901 900 2948 morte
914 2895 959 2950 vel
973 2893 1054 2947 exilio
1069 2912 1093 2946 a.
1108 2895 1120 2934 ³

249 3035 340 3098 Alias
355 3042 387 3098 et
400 3033 489 3118 fingit
510 3054 545 3100 sc
559 3035 665 3100 Martii
680 3035 859 3119 cujusdam,
878 3036 933 3119 qui
949 3033 1108 3099 medicum
1121 3034 1342 3110 interfecerat,
1355 3054 1486 3100 causam

250 3134 300 3197 his
314 3134 422 3198 verbis
438 3135 564 3217 egisse:

452 3305 467 3340 «
487 3287 567 3350 Quod
579 3287 700 3340 forisium
714 3287 845 3357 felixque,
859 3290 966 3350 Patres,
980 3287 1142 3341 commendo
1157 3289 1284 3342 clientem

552 3371 639 3432 Quem
653 3386 708 3423 non
723 3386 806 3436 mors,
822 3388 916 3426 verum
930 3371 1044 3439 praemia
1057 3371 1140 3440 digna
1154 3378 1274 3425 maneat.

487 3452 646 3506 procuravit
660 3454 731 3505 enim
746 3454 849 3523 populo
864 3453 1014 3523 patriaeque
1026 3454 1154 3517 salutem,

553 3534 641 3588 Unius
656 3534 752 3587 medici
766 3535 883 3589 Marlius
897 3535 1009 3589 interitu
1025 3553 1048 3588 a.
1063 3537 1075 3576 ⁶

248 3671 433 3756 Maligniori
457 3672 502 3737 illi
519 3673 595 3758 joco
618 3674 680 3738 boc
702 3675 872 3754 distichon,
889 3675 1007 3741 subtile
1029 3677 1132 3760 magis
1156 3683 1189 3740 et
1203 3681 1366 3759 argutum,
1389 3673 1487 3758 longe

252 3777 413 3855 antepono
427 3790 434 3834 :

515 3920 530 3954 «
549 3903 687 3958 Gratuitas
702 3920 800 3974 operas
813 3905 879 3959 mihi
894 3907 941 3976 qui
955 3906 1114 3975 promittitis
1128 3921 1222 3974 aegro,

615 3987 736 4040 Parcite:
752 4003 807 4040 non
822 3987 889 4041 tanti
903 3994 946 4041 est
959 4004 1041 4057 aeger
1054 3995 1085 4042 ut
1099 4004 1160 4041 esse
1174 3987 1256 4042 velim
1270 4005 1297 4039 a.
1311 3986 1323 4025 ὅ

254 4132 383 4141 ......-—

283 4220 358 4290 ¹Ep.
382 4223 415 4284 V,
437 4222 478 4275 66.
501 4222 544 4275 Ad
566 4222 697 4287 medicos,
717 4223 750 4277 de
773 4224 897 4293 Theoph.
913 4225 1068 4278 Paracelso.
1085 4227 1124 4279 Ex
1147 4223 1265 4292 epistola
1287 4222 1405 4293 quadam
1427 4221 1485 4288 (lib.

247 4306 329 4359 XXII
354 4305 436 4376 epist.
461 4307 486 4358 4.
509 4306 552 4359 Ad
577 4309 642 4360 Ant.
671 4307 840 4376 Loysellum,
855 4311 876 4360 t.
888 4308 922 4370 ΙΙ,
937 4325 965 4377 p.
980 4308 1040 4374 664)
1050 4314 1164 4377 apparet
1175 4309 1204 4362 P.
1217 4307 1386 4376 epigramma
1400 4304 1487 4366 istud,

228 4405 283 4466 'ex
310 4394 432 4457 tompore
457 4389 569 4452 factum,
592 4387 621 4440 in
643 4389 773 4442 Oratione
799 4407 849 4459 pro
876 4391 1065 4444 Paracelsistis
1083 4403 1178 4444 contra
1201 4389 1322 4442 medicos
1337 4388 1487 4441 Facultatis

249 4486 408 4524 inseruisse.

281 4559 357 4629 ²llp.
373 4561 408 4623 ΙΙ,
421 4561 463 4615 20.
478 4560 521 4614 Ad
536 4560 732 4615 Calliodorum.
828 4601 832 4618 ,

283 4650 295 4688 ³
309 4651 356 4718 Ep.
374 4650 395 4712 Ι,
408 4650 451 4704 35.
466 4651 497 4702 ln
510 4649 688 4719 Magdaleum
702 4650 848 4704 medicum.

238 4727 240 4732 '
282 4740 659 4808 repausantibus.

282 4829 294 4868 ⁵
311 4831 361 4900 Ep.
376 4831 399 4892 Ι,
412 4831 454 4885 56.
469 4831 512 4885 Ad
525 4831 658 4886 Medicos.
