3614 5442
736 526 819 582 ..119
836 555 866 564 -

334 725 406 788 Quid
420 725 495 794 quod
507 727 607 788 Roma,
625 725 718 789 Maro,
740 725 840 788 Romo,
862 725 955 788 Mora,
978 723 1043 794 quid
1061 725 1135 794 quod
1149 728 1176 778 ot
1189 741 1270 777 armo

401 810 519 862 Dissona
533 823 649 877 quaeque
663 822 713 861 suo
727 809 837 860 nomine
852 812 942 876 gestat
958 803 1063 862 Amor?

335 891 445 947 Scilicet
458 895 489 942 ut
501 891 565 943 vani
579 889 671 944 Chaos
685 893 728 942 est
741 890 856 942 effectus
869 890 990 953 Amoris,

398 973 444 1026 Sic
457 971 541 1026 chaos
555 973 718 1041 implicitum
732 987 833 1026 nornen
846 973 956 1026 Amoris
969 972 1052 1026 habet
1068 990 1091 1025 ».
1109 972 1115 1011 ¹

225 1114 311 1189 Quid
327 1113 449 1178 multal
464 1115 633 1192 Amorem,
651 1113 762 1191 credo,
779 1114 987 1198 Pasquierius
1001 1114 1132 1198 paulum
1147 1114 1380 1180 reformidabat
1390 1117 1415 1192 ²,

180 1215 322 1280 multum
346 1213 572 1290 reverebatur,
597 1233 696 1297 parce
714 1215 784 1298 ipse
803 1213 942 1291 colebat,
960 1216 1038 1278 satis
1052 1214 1176 1280 liabens
1199 1218 1226 1280 si
1248 1219 1280 1280 in
1305 1217 1417 1282 littore

181 1332 321 1379 securus
339 1319 465 1378 ceteros
481 1312 630 1376 homines
648 1313 807 1396 cupidinis
826 1312 1071 1396 tempestatibus
1085 1320 1222 1378 vexatos
1240 1321 1415 1398 spectaret,

224 1513 274 1576 De
287 1509 467 1579 umoribus
482 1509 554 1575 suis
568 1515 633 1573 tarn
644 1508 772 1573 abunde
782 1510 1137 1593 scripsitPasquieriuS,
1150 1505 1197 1576 tot
1208 1513 1416 1578 mulierculas

183 1611 293 1676 statim
309 1609 349 1674 ab
363 1607 584 1674 adolescentia
603 1606 706 1692 usrfue
722 1607 763 1672 ad
777 1615 957 1673 extremam
984 1617 1187 1674 senectutem
1217 1612 1416 1678 carminibus

181 1710 296 1787 coluit,
319 1709 476 1787 laudavit,
500 1710 671 1781 incusavit,
688 1716 722 1772 ut
736 1709 854 1774 famam
869 1711 938 1794 ipse
956 1729 1048 1774 suam
1062 1729 1156 1795 paene
1170 1711 1303 1776 laeserit.
1319 1713 1417 1778 Dicas

182 1829 272 1888 eum,
289 1827 384 1892 quem
398 1809 517 1872 scimus
529 1827 609 1872 vere
624 1807 774 1871 uxorium
789 1807 901 1886 fuisse,
922 1809 1065 1892 quasiex
1076 1809 1234 1876 industria
1249 1811 1417 1877 mulierosi

182 1907 304 1972 famam
320 1907 536 1972 attentavisse.

226 1992 320 2081 Quod
335 2007 459 2070 crimen
474 2025 541 2069 non
555 2005 658 2070 semel
673 2003 777 2081 diluit,
790 2005 841 2069 vel
858 2005 963 2090 potius
979 2007 1108 2070 crimini
1123 2007 1252 2072 obviam
1266 2009 1334 2073 ivit.
1347 2009 1417 2076 Hoc

183 2106 272 2170 onim
311 2105 439 2189 scripsit
480 2106 491 2144 ³
527 2104 560 2166 in
601 2105 737 2188 epistola
781 2105 920 2170 liminari
966 2105 1007 2170 ad
1053 2105 1173 2170 Christ.
1219 2107 1415 2173 Thuanum:

183 2228 204 2265 <‹
226 2203 434 2268 Accusabant
454 2203 507 2266 alii
525 2221 578 2266 mo
590 2209 710 2286 praeter
728 2209 854 2267 aetatem
879 2204 1030 2268 Sabinam
1055 2205 1255 2269 mollioribus
1268 2207 1417 2271 versibus

183 2304 405 2368 coluisse...-..
434 2301 483 2366 Ad
507 2321 587 2385 quos
611 2321 672 2386 ego
696 2303 742 2366 sic
765 2303 886 2384 paucis.
909 2301 1061 2367 Sabinam
1085 2303 1219 2382 nullam,
1241 2325 1293 2370 me
1316 2326 1418 2370 unum

182 2408 311 2466 tantum
326 2402 422 2477 eolui,
441 2406 473 2464 et
487 2407 521 2463 ut
534 2400 636 2464 libere
651 2400 817 2484 profitear,
834 2401 965 2484 ingenio
980 2420 1052 2465 meo
1067 2401 1185 2466 indulsi
1195 2426 1215 2462 ›>
1225 2403 1251 2467 ¹.
1267 2404 1418 2469 Testatur

181 2503 266 2567 alias
280 2521 314 2566 se
328 2499 420 2564 fictas
435 2499 562 2584 puellas
575 2518 686 2563 amore
700 2498 775 2564 ficto
790 2501 958 2584 prosequi:

433 2663 448 2698 «
467 2649 537 2700 Nam
551 2663 633 2716 quam
647 2646 764 2716 depereo
779 2645 856 2699 nulla
869 2646 970 2702 Sabina
984 2647 1051 2700 mihi
1066 2653 1116 2701 est.
1136 2665 1151 2700 r>
1165 2649 1176 2687 ⁵

182 2784 273 2866 Lege
289 2781 386 2846 etiam
402 2779 482 2844 illud
498 2780 627 2864 septimi
643 2779 718 2843 libri
731 2781 959 2866 Epigramma:

450 2943 464 2977 «
483 2927 521 2979 Te
536 2927 558 2978 si
573 2926 717 2988 convenio,
732 2931 810 2979 vetus
824 2926 876 2979 hoc
890 2927 1009 2980 Nasonis
1024 2926 1052 2977 in
1066 2935 1122 2990 ore,

516 3009 643 3070 Proculo,
657 3025 767 3078 semper
780 3008 883 3074 habes;
898 3014 978 3078 turpe
992 3009 1088 3062 senilis
1101 3025 1186 3063 amor.

483 3091 566 3145 Nulla
581 3091 772 3153 Sabinamihi,
786 3091 862 3144 nulla
877 3097 920 3144 est
934 3091 999 3144 mihi
1013 3091 1158 3160 Margaris.
1174 3094 1247 3162 Ergo

516 3175 592 3235 Quas
605 3172 665 3227 colo
680 3169 849 3226 blanditias?
864 3175 934 3228 Uror
947 3189 1039 3226 amoro
1052 3175 1115 3227 mei.
1134 3175 1173 3227 »6

183 3306 314 3372 Cedant
341 3305 441 3390 igitur
474 3306 592 3371 Sabina
621 3309 644 3384 ⁷,
678 3306 772 3372 Galla
800 3308 824 3385 ¹,
850 3307 949 3372 Laelia
977 3308 1002 3384 ⁹,
1028 3307 1188 3391 Margaris
1211 3309 1252 3386 ¹⁰,
1278 3309 1360 3372 Dina
1376 3309 1418 3386 ¹¹,

183 3405 311 3469 umbrae
325 3407 451 3479 inanes,
468 3425 552 3470 vana
566 3405 717 3470 nomina!
1169 3410 1171 3415 '

219 3610 229 3648 ¹
249 3611 342 3680 Epigr.
358 3612 379 3674 1,
393 3611 435 3664 36.

218 3699 230 3738 ²
249 3701 290 3754 Cf.
307 3701 341 3764 V,
357 3701 414 3763 tta,
440 3725 442 3728 ’

402 3809 416 3844 «
439 3832 479 3843 ...
501 3793 535 3844 Et
550 3792 652 3856 subito,
669 3799 696 3845 et
710 3793 803 3862 longe,
819 3794 895 3846 tarde
909 3793 1047 3848 rediturus
1061 3793 1134 3847 abito
1146 3810 1152 3846 ε

569 3875 606 3928 Ut
620 3875 717 3944 pestis,
732 3875 772 3928 sie
785 3874 837 3928 hac
850 3879 908 3928 arte
922 3876 1034 3944 fugatur
1049 3891 1125 3928 amor
1140 3892 1163 3928 ».

220 3965 231 4004 ³
246 3965 287 4018 Cf.
304 3967 334 4018 T.
350 3966 371 4028 1,
387 3982 413 4034 p.
430 3963 502 4019 1126.
518 3967 597 4018 Anno
613 3965 719 4018 circiter
733 3966 805 4020 1585.

221 4056 232 4095 ¹
246 4057 275 4109 T.
291 4057 312 4120 l,
332 4073 359 4124 p.
382 4056 455 4109 1126.
476 4086 506 4094 -
529 4057 570 4110 Cl.
586 4062 606 4108 t.
622 4058 656 4119 11,
671 4073 718 4124 pp.
733 4056 860 4110 828829:
876 4074 890 4109 <‹
909 4059 951 4110 Au
966 4056 1071 4109 lecteur
1089 4073 1113 4119 >›,
1133 4072 1166 4108 en
1181 4055 1236 4108 tete
1254 4055 1303 4108 des
1320 4073 1334 4108 «
1352 4058 1422 4111 Jeux

187 4139 331 4208 poetiques
350 4155 364 4190 »
378 4169 408 4176 -
423 4156 449 4191 «.
461 4179 484 4190 ..
504 4141 543 4192 En
558 4155 618 4192 mes
630 4140 730 4192 heures
744 4139 777 4191 de
792 4139 926 4203 relasche,
936 4139 966 4208 je
980 4155 1023 4192 me
1032 4139 1100 4208 jone
1115 4139 1147 4190 de
1166 4139 1290 4202 l'arnour,
1305 4155 1358 4192 non
1373 4139 1420 4209 luy

187 4221 221 4274 de
236 4238 299 4291 moy
318 4239 342 4273 n.
1282 4241 1285 4247 ·

220 4313 231 4350 ὅ
245 4312 340 4382 Epigr.
356 4313 405 4376 111,
419 4313 462 4368 95.

220 4403 231 4442 ¹¹
245 4405 294 4474 Ep.
308 4405 367 4467 Vll,
384 4404 439 4456 122.

220 4493 231 4532 ¹
245 4496 307 4564 Ep,
321 4487 436 4563 passim.¹

221 4583 232 4623 ¹
245 4584 295 4652 Ep.
311 4583 333 4645 l,
349 4583 389 4636 19.

222 4674 233 4712 ¹¹
246 4675 296 4744 Ep.
311 4675 333 4738 l,
345 4674 387 4727 20.

222 4763 245 4802 ¹⁰
259 4765 307 4834 Ep.
324 4765 384 4827 Vll,
398 4764 440 4818 18.

225 4855 243 4894 ¹¹
259 4858 306 4920 Vl,
319 4856 361 4910 39.
376 4855 499 4908 -Adde
514 4853 647 4908 Helenam
662 4856 754 4909 nescio
769 4872 861 4925 quam,
875 4857 922 4920 Vl,
935 4857 977 4910 65.
