3614 5442
925 551 1054 605 ..34-

371 748 487 838 irridet
506 746 582 813 dum
609 745 706 832 fingit
733 764 769 812 se
797 745 904 811 carius
930 745 1115 812 conducere
1141 748 1281 832 posticas
1309 747 1396 814 aedes
1427 769 1446 814 a
1480 750 1602 816 celebri

372 854 522 934 patrono,

619 1043 634 1078 «
718 1026 816 1080 Limite
829 1041 884 1096 quo
901 1026 1007 1096 possim
1020 1027 1119 1081 clarior
1132 1044 1194 1082 esse
1207 1034 1266 1092 tuo,

654 1108 836 1178 Vicinumque
849 1108 917 1163 velit
930 1108 1023 1178 magni
1036 1109 1088 1162 sub
1102 1110 1222 1163 nominis
1235 1110 1333 1163 umbra

717 1194 764 1247 Me
777 1198 868 1246 tecum
881 1193 976 1246 creber
989 1193 1164 1248 consuluisse
1177 1193 1274 1248 cliens.
1286 1233 1310 1248 ..
1327 1211 1350 1246 o.
1366 1193 1376 1232 ¹

371 1359 516 1445 Collegae
538 1360 635 1424 etiam
671 1361 782 1424 nescio
816 1361 869 1424 cui
904 1359 1040 1425 illudit¹
1071 1361 1126 1444 qui
1165 1359 1258 1425 febre
1295 1359 1424 1425 laboret
1462 1361 1604 1444 quoties-

371 1479 510 1544 cumque
533 1478 626 1523 suam
647 1456 800 1522 laborare
822 1476 952 1522 causam
976 1457 1180 1543 suspicatum
1205 1460 1313 1523 acrius
1335 1459 1504 1545 impugnat
1528 1479 1603 1525 eum

371 1559 424 1642 qui
447 1558 550 1624 verba
571 1575 638 1621 non
653 1554 709 1620 dat
735 1554 858 1634 clienti,
874 1554 931 1621 sed
953 1556 1064 1622 vendit
1083 1559 1108 1634 ³,
1125 1562 1181 1621 aut
1205 1557 1357 1622 clientem
1378 1558 1516 1642 pecunia
1544 1577 1603 1622 sua

370 1659 501 1723 omnino
524 1654 675 1732 nudet⁶;
698 1654 912 1720 vehementer
933 1656 967 1719 in
988 1654 1081 1719 illum
1102 1655 1268 1720 invehitur
1286 1657 1340 1739 qui
1364 1674 1496 1721 causam
1510 1656 1602 1721 molis

370 1754 492 1821 artibus
507 1756 640 1818 vincere
655 1752 779 1817 mavult
792 1772 889 1837 quam
907 1753 1046 1838 perdere
1062 1755 1086 1816 Ι.

410 1853 587 1936 Postquain
601 1869 681 1916 vero
696 1849 811 1915 sordes
824 1851 946 1916 ordinis
960 1852 1011 1916 sui
1024 1871 1091 1916 uon
1103 1851 1215 1916 timide
1228 1854 1357 1938 aperuit
1377 1853 1600 1936 Pasquierius‚

369 1951 396 2016 si
415 1950 490 2034 quid
515 1949 689 2014 honestum
711 1967 750 2013 uo
775 1949 953 2032 ingenuum
970 1950 1147 2034 patrocinio
1162 1950 1259 2026 inest,
1275 1951 1306 2015 id
1322 1949 1437 2015 eadem
1452 1950 1601 2016 libertato

368 2048 552 2134 profitetur.
576 2049 689 2112 Artem
714 2049 801 2112 enim
825 2065 916 2112 suam
935 2053 1024 2114 amat
1044 2066 1083 2112 ae
1108 2054 1282 2113 reveretur
1307 2051 1332 2112 ⁶.
1355 2050 1486 2114 Irritum
1512 2055 1601 2114 certe

368 2149 580 2231 conqueritur
600 2147 745 2212 laborem
769 2146 930 2223 advocati,
955 2164 1017 2210 nec
1038 2146 1161 2210 meritis
1185 2147 1263 2212 satis
1288 2147 1503 2232 respondere,
1526 2167 1600 2212 nam

367 2248 486 2332 saepius
497 2247 588 2331 justo
604 2246 705 2310 cliens
720 2245 867 2330 ingratus
885 2251 1058 2331 patronum
1073 2244 1204 2310 solvere
1218 2246 1355 2311 omittit:

663 2445 678 2480 «
696 2429 788 2480 Arnus
801 2442 890 2495 nuper
902 2426 961 2479 adit
973 2442 1063 2481 novus
1077 2427 1164 2480 cliens
1178 2443 1221 2479 me

696 2509 733 2564 Ut
744 2509 928 2578 patrocinium
941 2524 1023 2561 suum
1036 2507 1170 2562 subirem.

697 2589 823 2658 Suscepi,
836 2590 933 2652 fateor,
948 2589 1049 2642 lubens
1062 2590 1230 2660 volensque:

695 2676 732 2727 At
745 2673 785 2725 nil
798 2672 900 2726 obtulit
912 2675 1004 2726 Arnus
1018 2671 1162 2735 advocato,
1177 2679 1233 2726 etc.
1244 2711 1267 2725 ..
1285 2690 1300 2725 ›>
1312 2671 1334 2726 ⁷.

366 2835 484 2900 Munus
509 2834 573 2899 hoc
599 2852 714 2899 causas
745 2831 860 2898 orandi
883 2851 997 2898 omnes
1016 2831 1115 2896 horas
1140 2837 1296 2916 occupat,
1323 2831 1431 2895 omnia
1457 2829 1602 2896 oblecta·

368 2942 476 2999 menta
488 2936 562 2999 vitoe
585 2933 740 3008 detrahit;
762 2939 905 2998 mentem
926 2938 1037 2996 autem
1051 2929 1600 3014 erigitbeneiaeiendiconscientia,

366 3035 464 3120 idque
477 3034 538 3099 sibi
552 3034 718 3119 proprium
729 3030 920 3122 habetquod
941 3036 1067 3095 tantum
1087 3031 1255 3114 suscipere
1273 3048 1432 3094 onusnon
1449 3028 1599 3093 omnibus

367 3133 464 3199 datur
476 3154 483 3197 τ

531 3322 545 3356 «
564 3303 645 3366 Quod
657 3303 735 3367 mihi,
749 3301 824 3372 quod
837 3303 918 3371 genio
931 3301 1134 3372 necquidquam
1147 3299 1279 3369 indulgeo
1292 3304 1399 3362 nostro,

630 3387 688 3440 Nec
701 3386 782 3438 detur
793 3385 922 3454 ingenuis
936 3385 1006 3437 semi
1019 3384 1064 3438 vel
1077 3383 1145 3437 hora
1151 3382 1235 3451 jocis,

563 3472 601 3523 At
613 3485 656 3521 mc
667 3466 810 3538 possideat
823 3467 915 3537 cupidi
928 3467 1015 3520 tutele
1028 3466 1147 3529 clientis,

629 3552 680 3604 Ille
693 3548 779 3604 cliens
792 3551 850 3605 voti
864 3553 937 3601 meta
950 3555 1087 3618 caputque
1105 3548 1169 3614 mei,

562 3633 740 3703 Adseriptum
753 3632 842 3701 glebae
856 3631 956 3684 misero
971 3647 1014 3683 me
1028 3630 1118 3683 sidere
1132 3630 1218 3684 dicis:

631 3719 652 3771 0
666 3722 800 3786 quantum
812 3716 900 3770 velles
914 3715 954 3768 sio
967 3713 1051 3768 miser
1063 3731 1136 3777 esse,
1153 3714 1266 3768 Matho!
1284 3711 1322 3764 »⁸

366 3875 450 3952 Quid
479 3876 527 3941 rei
555 3874 639 3940 esti
667 3873 788 3940 Censet
821 3891 938 3958 nempe
976 3873 1186 3956 Pesquierius
1223 3872 1343 3936 bonum
1379 3868 1598 3945 advocatum,

397 4164 408 4203 ¹
427 4167 477 4235 Ep.
493 4166 528 4229 ΙΙ,
543 4165 583 4219 ΙΙ.
597 4163 641 4218 Ad
654 4163 792 4218 Flaccum.

397 4256 409 4294 ²
427 4257 477 4325 Ep.
492 4257 526 4319 V,
540 4257 565 4309 4.

396 4346 409 4386 ³
426 4348 477 4416 Ep.
492 4346 514 4409 Ι,
526 4345 568 4400 67.

397 4437 409 4478 ὅ
426 4440 477 4507 Ep.
492 4439 540 4501 ΙΙΙ,
552 4437 595 4491 85.
610 4438 641 4492 In
653 4435 766 4490 Aulum.

397 4529 408 4567 ὅ
427 4529 477 4598 Ep.
496 4528 544 4592 ΙΙΙ,
557 4527 599 4580 77.
613 4527 645 4580 In
657 4526 760 4581 Aulum
773 4522 946 4578 advocatum.

338 4650 340 4656 π
396 4618 408 4658 0
426 4619 468 4673 Cf.
482 4620 599 4682 Lettres,
613 4618 663 4682 lx,
675 4615 722 4670 dd
738 4613 882 4670 Theodoro
904 4611 1039 4682 Pasquier
1056 4627 1071 4664 «
1088 4650 1107 4663 ..
1118 4647 1141 4663 ..
1159 4608 1193 4662 de
1206 4608 1297 4680 quelle
1311 4610 1392 4677 sapon
1405 4609 1464 4665 doit
1481 4614 1555 4664 estre
1572 4609 1601 4663 lo

364 4705 424 4758 Bon
437 4705 542 4758 Arocat
556 4718 582 4755 o.

395 4791 408 4831 '¹
426 4792 518 4863 Epigr.
533 4794 555 4856 Ι,
569 4792 611 4846 33.
627 4793 666 4845 De
679 4791 765 4844 Arno.

396 4882 408 4923 ⁸
425 4885 476 4954 Ep.
490 4886 525 4949 ΙΙ,
538 4883 580 4938 ot.
595 4882 639 4938 Ad
652 4882 822 4938 Mathonem.
837 4909 870 4920 -
888 4879 929 4936 cf.
944 4878 980 4944 ΙΙ,
994 4877 1042 4932 22.

543 5160 748 5225 Γ..
