3614 5442
803 440 934 494 ..27-

291 643 381 707 Abas
395 649 440 718 et,
456 647 590 725 questus
608 639 695 724 quod
716 640 829 702 amicis
850 639 947 702 etiam
969 639 1003 700 in
1023 636 1241 720 suspicionem
1264 633 1484 699 mordacitatis

245 744 380 806 venerit
395 743 419 819 ¹,
435 741 620 805 festiviores
632 737 814 802 versiculos
827 755 923 820 poene
936 735 1095 801 devovet:

548 906 563 938 α
580 889 619 940 Te
634 887 669 948 si,
683 885 824 956 perlepide
839 885 1031 953 Hennequine,
1044 886 1115 939 viso.

582 971 705 1022 Moerum
720 968 846 1036 locuples
859 967 1023 1035 ineptiarum

582 1052 698 1113 Censor,
713 1051 783 1102 clam
798 1050 865 1100 mibi
878 1049 1011 1101 mussitas
1025 1050 1054 1099 in
1068 1048 1124 1099 illis

582 1134 651 1186 Esse
665 1132 759 1184 nescio
774 1131 839 1199 quid
855 1131 930 1200 quod
943 1131 1006 1182 huic
1020 1137 1049 1182 ct
1062 1130 1113 1192 illi,

582 1215 661 1267 l'eris
675 1215 833 1268 nominibus
847 1214 981 1283 quadrare
990 1213 1089 1281 possit,

581 1299 690 1350 Mutato
704 1297 784 1366 quasi
797 1297 908 1348 nomine
922 1295 1075 1348 annotarim

581 1380 681 1442 llulta,
696 1396 757 1448 qua
772 1382 854 1431 tacite
868 1385 950 1448 putes
964 1378 1095 1431 notanda.

583 1462 641 1514 Has
653 1462 737 1528 fingis
751 1462 802 1513 tibi
818 1461 1016 1513 somniationes

582 1543 659 1603 Quas
673 1543 751 1594 audit
765 1543 871 1612 trepide
886 1543 1019 1594 innocens
1033 1541 1148 1593 amicus

581 1625 658 1678 Vah!
675 1627 820 1695 scripsisse
835 1626 911 1695 piget
920 1625 1001 1693 jocos
1013 1625 1120 1676 inaneis

582 1711 686 1759 Ansam
701 1724 763 1759 cum
778 1707 902 1759 dederint
917 1708 963 1776 pio
978 1707 1119 1776 proboque

583 1791 663 1843 Nunc
678 1807 732 1850 mc,
747 1806 820 1841 nunc
834 1790 904 1842 alios
919 1788 1121 1842 calumniandi!
1138 1807 1152 1838 a
1167 1789 1187 1839 ².

248 1927 384 1992 Revera
404 1943 595 1992 communes
616 1925 782 1988 hominum
806 1943 926 1993 mores,
945 1923 1096 1987 ordinum
1118 1941 1251 1986 errores
1265 1941 1303 1984 ac
1317 1922 1406 1995 vitia,
1418 1936 1484 1980 non

251 2022 456 2106 singulorum
492 2021 684 2106 plerumque
719 2022 883 2094 describit,
920 2023 964 2085 ita
998 2029 1107 2084 tamen
1141 2027 1175 2083 ut
1212 2020 1418 2103 perspicuum
1445 2018 1486 2079 sit

250 2125 409 2206 pictorem
424 2122 500 2184 viva
513 2141 625 2184 rerum
640 2122 841 2205 exemplaria
853 2128 929 2184 ante
944 2120 1057 2184 oculos
1070 2120 1234 2184 habuisse.

294 2221 376 2284 Pars
389 2221 450 2284 fuit
463 2222 601 2284 satirioae
615 2241 751 2304 poeseos
766 2258 807 2268 -
825 2219 953 2303 qualem
972 2227 1045 2284 esse
1062 2220 1122 2283 sibi
1144 2219 1310 2302 fingebant
1331 2217 1486 2299 temporis

251 2319 338 2383 illius
360 2326 479 2404 poeta,
504 2321 573 2366 ³-
595 2339 669 2404 pars
692 2319 763 2383 fere
786 2320 948 2402 praecipua
969 2321 1100 2401 generis
1122 2318 1269 2402 hujusce,
1292 2352 1333 2388 ,-
1351 2335 1423 2398 quae
1445 2314 1485 2378 ad

251 2421 362 2482 vivum
398 2418 628 2503 exprimendos
667 2437 776 2482 mores
815 2419 993 2494 bominum,
1040 2417 1233 2500 quotidianae
1277 2417 1351 2479 vitae
1395 2417 1486 2498 quasi

253 2539 380 2596 scenas,
404 2538 594 2601 rerumque,
618 2525 654 2581 ut
675 2521 719 2582 ita
746 2516 861 2590 dicam,
875 2519 1060 2598 propitietis
1074 2523 1193 2598 partes
1206 2515 1400 2600 pinpcados
1426 2513 1486 2577 sibi

252 2619 464 2704 proponebat.
483 2618 556 2692 Qua
569 2619 646 2680 artis
662 2622 753 2698 parte
776 2614 894 2698 aliquid
919 2615 1074 2680 valuisset
1096 2617 1315 2698 Pasquierius,
1333 2613 1442 2690 credo,
1459 2616 1485 2678 si

253 2721 371 2802 saepius
385 2716 424 2782 ad
440 2717 502 2780 hoc
516 2736 596 2799 opus
610 2734 684 2778 sese
699 2717 905 2778 accinxisset.

294 2819 410 2885 Unam,
443 2815 501 2879 sed
530 2835 597 2878 non
630 2816 847 2890 invenustam,
879 2813 1015 2899 hujusce
1050 2817 1181 2897 generis
1209 2812 1484 2877 narratiunculam

253 2915 442 3002 producam,
458 2921 569 2998 utpote
583 2933 656 2996 quae
670 2915 774 2976 ironia
787 2913 883 2976 simul
897 2933 935 2976 ac
958 2912 1159 2998 philosophia
1174 2912 1312 2996 quadam
1334 2932 1485 2997 respersa

253 3020 315 3081 sit:

404 3157 418 3190 ((
435 3141 544 3192 Funera
559 3138 672 3192 Parisiis
686 3154 795 3190 omnem
809 3138 933 3190 conlecta
948 3153 996 3206 pcr
1010 3138 1115 3199 urbem,

500 3220 563 3273 Vidi
579 3237 630 3288 ego
645 3219 765 3272 millenis
780 3219 923 3273 nobilitata
939 3218 1036 3272 modis.

437 3303 489 3355 Hic
503 3310 530 3356 et
545 3302 740 3372 Presbyteriim
755 3302 867 3364 eboruS,
883 3301 927 3354 bio
939 3301 1161 3371 blonaohquue
1174 3301 1290 3370 praeibat

501 3386 636 3440 Flecteret
651 3391 681 3438 ut
696 3385 824 3455 precibus
839 3384 952 3438 numina
967 3391 1062 3438 sancta
1076 3385 1140 3454 piis.

436 3469 538 3522 Pullati
553 3474 663 3520 centum
680 3467 827 3536 gestabant
842 3467 937 3520 ordine
952 3467 1039 3520 taedas

502 3549 622 3604 Mendici
638 3549 725 3601 multo
740 3549 844 3601 lumine
858 3549 1032 3618 conspicuas

437 3633 586 3703 pauperies
602 3634 747 3701 clerusque
762 3634 819 3686 Deo
835 3632 991 3700 gratissima
1006 3648 1050 3684 res
1065 3638 1108 3684 ost

503 3713 657 3769 Dummodo
672 3713 816 3766 funeribus
831 3719 930 3766 caetera
945 3714 1024 3765 turba
1039 3713 1163 3782 quadret.

437 3797 538 3850 Pullati
553 3796 668 3849 totidem
683 3795 788 3859 famuli,
803 3795 961 3864 dominique
975 3795 1107 3858 Ministri,

502 3878 626 3948 Quisque
641 3895 723 3932 suum
736 3878 811 3932 varie
825 3879 982 3931 sustinuere
996 3878 1098 3930 locuni.

436 3962 502 4015 Mox
516 3966 544 4014 et
559 3961 631 4031 equi,
648 3967 675 4014 et
690 3961 821 4030 phalerae3
836 3977 899 4013 mox
913 3960 1013 4024 bellica
1027 3960 1107 4028 signa
1117 3961 1252 4022 feruntur,

503 4046 708 4113 Stemmataque
723 4044 814 4113 ampla
829 4044 927 4097 domus
942 4048 1024 4112 atque
1038 4042 1201 4112 Magisterii.

288 4265 355 4320 ¹Cf.
379 4265 514 4335 Feugere,
537 4283 564 4334 p.
589 4266 645 4319 129.
670 4283 796 4318 «.......
814 4266 855 4318 les
876 4265 997 4318 lecteurs
1014 4265 1171 4336 joignaient
1191 4265 1352 4325 volontiers,
1371 4279 1420 4334 par
1434 4281 1487 4317 ano

254 4349 420 4420 disposition
442 4364 586 4402 commune
601 4351 617 4400 a
634 4347 738 4417 l’egard
760 4347 809 4401 dos
831 4363 940 4402 oeuvres
962 4347 996 4401 (16
1018 4353 1090 4402 cetto
1112 4361 1220 4411 naturo,
1243 4365 1256 4400 ((
1276 4348 1351 4400 lours
1373 4363 1487 4417 propres

253 4431 450 4500 imaginatione
463 4433 479 4484 a
493 4431 578 4484 celles
592 4431 625 4483 de
639 4432 758 4484 l’auteur
775 4448 799 4483 ».
816 4433 917 4498 (Lettre
932 4431 1034 4484 inedite
1048 4431 1081 4484 de
1096 4433 1138 4495 P.,
1152 4430 1189 4484 du
1202 4433 1235 4484 24
1248 4446 1321 4483 mars
1337 4431 1420 4495 1582).

287 4522 299 4561 ²
316 4521 410 4592 Epigr.
428 4523 473 4584 Vl,
488 4523 530 4574 77.
547 4521 590 4574 Ad
604 4522 674 4576 Ren.
689 4520 911 4589 Hennequinum.

287 4613 346 4666 3V.
364 4613 407 4665 Du
430 4610 543 4680 Bellay:
568 4629 582 4663 ((
602 4611 729 4664 Deffenoe
753 4616 780 4663 et
803 4610 974 4664 Illustration
992 4630 1017 4674 >›,
1043 4611 1090 4665 liv.
1113 4612 1148 4674 ll,
1167 4610 1209 4664 ch.
1228 4612 1271 4665 lV.
1288 4639 1319 4649 —
1341 4609 1485 4665 Ronsard:

254 4711 268 4745 a
287 4693 415 4762 Abbregd
438 4692 472 4745 de
494 4692 563 4746 l'Art
585 4691 718 4761 Poetique
740 4692 860 4758 franceis
878 4709 893 4745 »
908 4693 968 4760 (Ed.
987 4691 1102 4757 Elaevir,
1125 4698 1145 4746 t.
1164 4695 1224 4757 Vll,
1242 4709 1288 4763 pp.
1307 4692 1487 4760 311318).-

253 4775 410 4846 Vauquelin
425 4776 458 4828 de
472 4777 500 4828 la
515 4777 662 4844 Fresnaye.
679 4804 710 4814 -
723 4775 854 4844 Regnier,
869 4776 942 4830 Diso.
957 4793 992 4830 au
1007 4771 1085 4847 Roy.'
