3614 5442
829 437 959 498 ..60-

280 639 324 702 M.
349 637 508 721 Hospitali
538 639 696 702 varietate
718 643 751 702 et
781 657 890 701 rerum
919 635 1056 720 quadam
1086 640 1233 715 16111616,
1260 639 1289 702 J.
1312 637 1352 701 Α.
1377 637 1510 700 Thuano

280 739 439 822 gravitate
454 756 492 802 ac
513 736 670 822 pondere.
687 737 767 800 Eam
784 743 891 800 autern
908 737 967 800 sibi
981 738 1225 801 excusationem
1237 735 1394 813 vindicat,
1425 735 1510 819 quod

279 856 344 899 non
358 836 466 900 latinis
481 835 679 901 carminibus
701 835 868 900 meliorem
887 836 982 900 famae
995 855 1065 900 suae
1086 842 1213 920 partem
1238 835 1395 918 quaesivit,
1413 855 1509 918 quam

279 942 326 1000 tot
339 936 411 999 aliis
425 935 579 1019 operibus
594 934 654 998 sibi
669 941 925 1018 comparaverat.

321 1049 357 1114 ld
389 1052 485 1114 etiam
511 1051 710 1115 contendere
733 1052 836 1114 ausim
852 1050 1077 1134 Pasquierium
1105 1051 1210 1114 alieno
1237 1055 1340 1114 marte
1366 1069 1512 1135 pugnare

280 1148 408 1233 quando
427 1150 522 1214 etiam
536 1150 642 1213 socios
656 1168 732 1214 suos
747 1169 785 1214 ao
800 1149 930 1215 sodales
952 1155 1118 1233 provocat.
1137 1151 1210 1213 Non
1228 1149 1314 1232 quod
1338 1151 1368 1214 61
1390 1168 1512 1233 praepo-

279 1268 358 1313 nere
372 1249 470 1314 velim
481 1247 610 1332 judices
626 1247 699 1312 illos
714 1268 753 1313 ac
766 1249 915 1314 forenses
929 1268 1010 1333 quos
1024 1251 1057 1312 in
1080 1249 1248 1332 pulverem
1270 1247 1461 1324 deduxerat,
1476 1255 1512 1312 ut

279 1348 436 1412 Pudicam
462 1347 610 1411 certatim
639 1354 807 1426 canerent,
831 1348 930 1411 Barn.
959 1347 1170 1424 Brissonium
1198 1349 1283 1412 Ren.
1316 1346 1534 1429 (1116ρί111111,

282 1448 357 1510 Ant.
374 1446 574 1530 Loysellum,
595 1445 646 1509 Cl.
662 1446 863 1529 Mangotium
879 1448 905 1522 1,
921 1452 954 1509 61
980 1451 1121 1509 ceteram
1145 1450 1314 1528 poetarum
1336 1444 1509 1526 legionem.

280 1544 390 1626 Atqui,
406 1563 487 1628 quos
500 1544 677 1618 nominavi,
692 1542 788 1606 subiti
802 1550 918 1627 poetae,
930 1542 1082 1607 aemulum
1098 1563 1191 1606 suum
1206 1543 1233 1606 si
1244 1562 1310 1606 non
1321 1541 1510 1618 subtilitate,

277 1643 446 1718 varietata,
464 1642 627 1707 hilaritate
649 1644 792 1716 vincunt,
816 1645 950 1706 vincunt
966 1651 1076 1721 tamen
1098 1641 1271 1725 aliquando
1286 1643 1378 1726 copia
1402 1660 1512 1706 rerum

280 1746 312 1804 et
342 1741 538 1818 verborum,
566 1741 734 1805 latinitatis
760 1760 852 1823 aequa
880 1747 913 1806 61
943 1739 1065 1805 fluente
1101 1741 1267 1817 ubertate,
1301 1759 1512 1805 numerorum

282 1842 378 1905 etiam
392 1839 559 1905 facilitate.

322 1954 387 2020 Sua
403 1961 512 2019 tamen
525 1955 707 2037 Pasquierii
725 1955 798 2019 laus
813 1960 873 2034 611,
891 1975 986 2038 quam
1002 1954 1121 2018 diutius
1139 1973 1191 2018 me
1206 1955 1346 2018 tacuisse
1361 1955 1463 2038 piget.

322 2077 421 2143 Valet
435 2079 533 2156 enim,
545 2080 572 2142 si
586 2077 662 2162 qnid
673 2079 769 2154 valet,
786 2083 958 2162 propterea
969 2077 1052 2160 quod
1065 2079 1185 2142 Latinae
1195 2097 1332 2162 poeseos
1342 2079 1515 2162 magistros

282 2183 398 2241 exacte
414 2178 519 2241 minus
535 2196 630 2260 quam
647 2177 795 2262 plerique
815 2178 968 2256 imitatur,
985 2195 1100 2240 versus
1124 2196 1201 2240 suos
1223 2177 1388 2261 componit
1410 2176 1515 2241 bonos

282 2275 439 2353 malosve,
457 2295 521 2338 non
536 2276 723 2359 ingeniosos
738 2281 895 2340 66616661
905 2293 946 2338 ex
957 2275 1145 2339 auctoribus
1156 2274 1254 2338 ducit.
1267 2276 1336 2339 Hoc
1346 2281 1379 2339 61
1388 2275 1515 2339 aemulis

282 2373 377 2448 cedit,
395 2381 427 2438 61
441 2379 584 2458 praestat.
602 2372 708 2438 Credo
723 2372 871 2457 equidem
887 2374 1124 2457 Pasquierium,
1146 2374 1173 2437 si
1185 2374 1293 2438 latinae
1311 2375 1401 2457 poesi
1418 2375 1516 2438 unice

281 2474 476 2549 vacavisset,
501 2473 623 2555 aliquot
646 2472 759 2536 forsan
779 2473 867 2536 111111
891 2474 1047 2549 66161116,
1073 2473 1178 2536 minus
1201 2475 1366 2537 tamenin
1390 2493 1516 2538 summa

282 2573 436 2649 valuisse,
452 2575 570 2656 quippe
584 2591 657 2635 eum
685 2571 818 2636 libertas
848 2571 995 2655 quaedam
1024 2591 1062 2636 66
1090 2573 1276 2656 ingenuitas
1305 2571 1513 2647 defecissent,

283 2691 355 2754 qnae
373 2673 464 2754 quasi
478 2676 555 2734 nota
573 2676 634 2746 611,
650 2668 704 2733 161
721 2669 812 2734 66161
826 2669 999 2734 latinorum
1016 2671 1120 2734 nostri
1136 2673 1328 2734 carminum.

324 2788 402 2852 Mihi
417 2794 540 2853 tantum
558 2807 622 2852 non
640 2808 733 2852 sumo
746 2794 783 2851 ut
796 2788 1020 2872 Pasquierium
1044 2807 1210 2872 nunquam
1228 2796 1284 2853 aut
1307 2793 1437 2852 1616161
1462 2794 1517 2851 661

283 2890 484 2952 recentiores
499 2894 612 2972 poetas
626 2888 783 2952 imitatum
798 2906 871 2951 6116
886 2887 1093 2951 contendam.
1108 2886 1202 2961 Quod
1218 2885 1395 2951 absurdum
1417 2886 1514 2960 16161,

284 2984 491 3071 quandoipse
504 3006 539 3051 se
554 2987 689 3049 multum
706 3006 723 3050 a
739 2986 848 3050 multis
864 2992 1044 3050 mutuatum
1065 3005 1137 3050 esse
1152 2985 1326 3049 confitetur
1342 2986 1367 3059 ²²,
1386 2983 1516 3068 quando

284 3091 316 3150 et
329 3105 410 3169 quos
424 3085 559 3149 nudavit
573 3091 724 3149 auctores
739 3103 895 3168 expresse
910 3083 1067 3148 1111116613.
1086 3082 1249 3147 Nonnulla
1267 3088 1343 3147 sunt
1356 3084 1517 3167 poematia

284 3204 356 3266 quae
371 3184 411 3248 ab
424 3182 573 3247 Martiale
589 3185 614 3259 l,
631 3180 683 3246 vel
713 3183 752 3246 ah
778 3182 965 3249 auctoribus
984 3182 1192 3266 Anthologiae
1210 3183 1221 3223 ⁵
1238 3181 1416 3264 sumpsisse
1443 3201 1517 3245 eum

284 3280 490 3346 manifestum
524 3287 593 3357 611,
622 3280 769 3364 quaedam
795 3302 875 3345 voro
904 3281 1079 3357 Catullum,
1107 3283 1161 3346 161
1191 3279 1311 3346 Catulli
1339 3286 1518 3344 sectatores

284 3379 402 3442 mirum
419 3380 452 3443 in
467 3378 597 3443 modum
614 3380 802 3443 1616161111.
818 3381 972 3443 Attamen
985 3378 1092 3443 laudis
1106 3400 1174 3444 suaa
1190 3379 1248 3443 sihi
1274 3380 1425 3443 conscius
1438 3379 1519 3442 indi-

285 3484 403 3562 gnatur
417 3479 443 3541 si
457 3477 528 3560 quis
542 3497 617 3541 eum
632 3476 763 3562 Virgilii
776 3479 970 3542 imitatorem
985 3499 1024 3542 66
1042 3479 1168 3542 simiam
1190 3477 1289 3554 ducit,
1312 3497 1374 3543 nec
1396 3477 1519 3542 dubitat
1624 3481 1626 3484 ’

318 3813 328 3852 1
348 3815 483 3882 Compara
495 3814 567 3868 inter
581 3831 610 3867 16
626 3821 653 3867 61
666 3814 819 3885 Pasquierii
832 3821 860 3868 61
873 3815 1035 3870 aemulorum
1050 3815 1137 3884 prima
1150 3816 1184 3869 de
1198 3817 1291 3871 Pulica
1305 3821 1443 3885 poemata,
1453 3822 1473 3868 t.
1484 3817 1519 3879 ΙΙ,

286 3915 332 3967 pp.
346 3898 465 3951 1151-966.

318 4004 436 4075 ²Epigr.
451 4005 486 4069 V,
503 4006 565 4060 118:

533 4187 548 4223 «
567 4171 688 4225 Plurima
704 4189 747 4225 me
759 4177 883 4226 veterum
898 4188 981 4225 sensa
995 4173 1165 4242 expressisse
1178 4171 1299 4225 fatebor:

612 4254 648 4308 Ni
662 4255 758 4318 fatear,
773 4255 817 4307 fur
830 4255 893 4318 sim,
906 4255 951 4308 vel
965 4255 1088 4308 furiosus
1103 4269 1154 4321 ego
1169 4270 1193 4305 1).

319 4440 438 4510 ³llpigr.
454 4442 500 4505 IV,
515 4443 557 4496 79.
572 4443 613 4497 Cf.
629 4444 702 4495 loon.
717 4443 738 4504 Ι,
753 4440 865 4510 passim.

321 4549 415 4602 tvidc
430 4549 524 4620 Epigr.
541 4550 576 4614 ΙΙ,
589 4550 636 4615 60;
652 4551 699 4614 ΙΙΙ,
715 4550 773 4612 102,
789 4549 857 4615 104;
874 4550 918 4614 ΙΙΙ,
933 4549 975 4602 23.

321 4656 332 4695 ὅ
347 4656 388 4710 Cf.
404 4655 496 4725 Epigr.
512 4656 546 4716 ΙΙ,
560 4657 602 4711 61.
651 4657 653 4664 ’

321 4767 333 4806 6
348 4764 441 4835 Epigr.
457 4766 504 4828 VI,
518 4765 559 4820 l10.
575 4768 615 4820 De
628 4783 679 4819 sua
694 4765 800 4820 Catella
813 4764 919 4818 clauda.
