3614 5442
768 424 898 478 ..21-

214 621 367 686 versibus
381 620 521 699 induxit,
536 625 690 687 amatoris
704 622 809 687 induit
818 641 1002 707 personam,
1014 622 1091 686 dum
1100 625 1272 707 magistros
1282 625 1450 690 amatoriae

215 740 366 806 poeseos,
382 727 414 786 et
429 727 561 788 veteres
577 728 610 786 et
623 723 844 798 recentiores,
861 724 948 786 omni
972 722 1129 787 industria
1146 729 1195 788 est
1211 724 1353 788 imitatus
1373 724 1396 786 ¹.
1414 721 1450 788 ld

214 827 325 884 tamen
349 819 579 904 excipiendum
602 829 663 897 est,
692 820 816 884 scilicet
836 819 925 885 hunc
942 823 986 885 ita
1006 820 1106 884 rebus
1129 821 1295 885 amatoriis
1318 841 1449 887 manum

214 917 415 992 admovisse,
430 918 569 983 feminas
583 918 665 983 adeo
688 918 852 997 dilexisse,
876 925 911 983 ut
932 939 1106 1004 personam
1129 919 1360 998 verisimiliter,
1384 940 1450 985 non

214 1017 343 1091 inscite,
361 1017 475 1081 tironis
494 1018 608 1096 instar,
624 1037 724 1102 agere
738 1019 891 1102 potuerit.

257 1141 429 1216 Quomodo
443 1141 545 1226 igitur
557 1160 703 1206 amorem
715 1144 825 1208 verbis
835 1144 1046 1228 expresserit,
1061 1144 1089 1208 si
1103 1162 1169 1208 non
1178 1163 1213 1208 re
1227 1145 1268 1209 sit
1282 1151 1448 1228 expertus,

214 1241 329 1326 paucis
345 1241 449 1306 allatis
464 1241 623 1325 exemplis
638 1243 898 1326 comprobemus.

257 1365 440 1432 Subtilitate
464 1365 595 1450 quidem
618 1367 697 1432 satis
717 1368 807 1432 valet
827 1367 1037 1451 Pasquierius
1059 1367 1093 1431 in
1111 1365 1256 1433 dicendis
1283 1367 1449 1433 amoribus

213 1465 294 1537 suis
311 1465 430 1529 ardore
448 1470 556 1528 autern
579 1470 613 1528 et
628 1465 659 1527 vi
674 1469 706 1528 et
721 1483 838 1549 sapore
855 1465 952 1530 etiam
968 1467 1161 1550 plerumque
1181 1471 1280 1531 caret.
1297 1465 1447 1531 Sabinam

214 1583 321 1639 suam,
334 1581 393 1646 pro
412 1580 515 1640 more,
533 1582 606 1627 eum
620 1563 707 1639 nive,
723 1553 777 1628 vel
795 1583 868 1628 earn
883 1583 1046 1629 marmore
1060 1570 1238 1649 comparat,
1254 1553 1316 1631 nee
1333 1566 1447 1644 semel,

213 1679 278 1724 nec
296 1660 407 1744 paucis
422 1660 591 1725 versibus:
955 1655 956 1658 ’

398 1873 412 1909 «
435 1895 475 1908 ...
497 1856 606 1926 Frigida
619 1858 657 1911 sit
670 1859 805 1928 quamvis,
819 1865 848 1911 at
861 1859 907 1912 nix
921 1875 1030 1929 quoque
1047 1859 1146 1928 frigida
1159 1865 1261 1926 terret,

563 1939 672 2009 Frigida
687 1941 737 2004 sis,
754 1941 811 1994 uris
824 1957 897 1996 saeva
912 1941 1014 1996 Sabina
1031 1947 1119 1995 tuum.
1133 1959 1147 1994 »

563 2107 619 2160 Cur
633 2122 722 2161 novus
737 2105 808 2159 hanc
821 2122 876 2160 non
889 2107 932 2160 sol
947 2106 1060 2162 discutit
1072 2106 1136 2175 igne
1150 2107 1263 2160 nivern?

498 2190 604 2258 Nempe
618 2188 692 2258 quod
705 2195 808 2242 aeterno
822 2194 978 2242 statuerunt
993 2189 1106 2242 numina
1118 2189 1175 2244 fato

560 2272 598 2327 Ut
611 2271 677 2324 mihi
693 2271 747 2326 Nix
761 2287 839 2325 esses
853 2271 964 2341 Solque,
980 2271 1091 2336 Sabina,
1107 2272 1199 2326 simul.
1216 2272 1256 2324 »²

446 2452 461 2488 «
481 2435 524 2490 Sis
538 2435 601 2490 nive
614 2435 748 2503 frigidior,
762 2436 802 2488 sis
816 2452 950 2490 marmore
964 2436 1058 2490 durior
1070 2437 1142 2507 ipso,

545 2519 629 2588 Spem
641 2524 733 2571 tamen
747 2535 762 2570 a
776 2518 856 2572 nobis
870 2534 926 2572 non
938 2519 1017 2588 fugat
1030 2536 1093 2573 acer
1105 2523 1199 2574 Amor.

479 2601 579 2654 AEstus
594 2601 670 2654 intus
683 2599 733 2653 alit
745 2601 802 2665 nix,
817 2601 872 2654 urit
885 2601 997 2670 quippe,
1011 2617 1062 2654 nec
1075 2601 1167 2670 ignem

547 2685 569 2738 Ε
583 2683 669 2736 silicis
680 2683 757 2737 venis
772 2683 899 2737 elicuisse
917 2699 1018 2738 nevum
1034 2690 1085 2738 est.
1101 2700 1115 2736 »
1132 2685 1144 2724 ³

257 2855 357 2920 Plura
372 2861 448 2920 sunt
469 2855 573 2940 putidi
595 2855 687 2921 istius
702 2859 832 2941 generis
853 2856 1106 2941 Epigrammata,
1123 2878 1195 2940 quae
1212 2857 1337 2922 Gallico
1351 2874 1448 2920 voca-

212 2953 292 3018 bulo
306 2953 426 3019 clarius
446 2957 705 3039 exprimantur«
722 2956 941 3040 moertpaea
959 2981 976 3015 »
989 2954 1066 3020 Tale
1080 2961 1128 3020 est
1142 2957 1205 3020 hoc
1218 2954 1258 3020 ad
1274 2953 1448 3020 Diodoram

211 3052 355 3118 dicatum
369 3073 376 3117 :

446 3244 461 3280 «
478 3227 584 3282 Misisti
598 3228 693 3281 dulces
711 3228 746 3280 ad
763 3244 825 3293 noe,
840 3227 970 3294 Diodora,
984 3229 1101 3288 tabellas
1188 3245 1190 3250 ·

545 3310 620 3370 Quas
635 3326 678 3362 me
691 3309 844 3363 Mulcibero
860 3310 1012 3364 sacrificare
1024 3311 1116 3380 jubes.

350 3411 351 3415 ¹
479 3389 592 3445 Scilicet
604 3390 656 3444 bas
671 3389 769 3454 mavis,
783 3407 865 3460 quam
879 3397 917 3454 te,
932 3391 1062 3456 Diodora,
1076 3392 1174 3462 perire.

406 3469 407 3472 ’
544 3474 604 3527 Jam
618 3489 719 3538 enemo,
729 3473 779 3527 sed
792 3489 890 3527 caveas
899 3489 933 3527 ne
947 3474 1031 3528 simul
1043 3475 1104 3544 ipse
1118 3491 1221 3529 cremer
1235 3481 1271 3527 »t

245 3799 255 3838 1
276 3800 318 3854 (ΙΙ.
336 3801 406 3852 Lett.
424 3796 446 3862 Ι,
458 3799 484 3852 3.
499 3815 514 3850 «
533 3801 593 3861 Quo
606 3800 718 3869 lorsque
735 3816 786 3854 nos
809 3797 905 3870 poetes
928 3801 1086 3855 discourent
1106 3801 1133 3854 le
1155 3801 1246 3854 mieux
1267 3802 1301 3853 de
1322 3801 1448 3867 l'amour,

213 3883 281 3935 e'est
302 3881 445 3950 lorsqu’ils
472 3888 536 3935 sont
562 3881 650 3936 moins
677 3883 790 3936 atteints
813 3883 846 3935 de
869 3882 1020 3935 maledie».
1035 3914 1066 3922 -
1082 3883 1123 3936 Cf.
1141 3883 1234 3952 Epigr.
1257 3885 1304 3946 Vl,
1320 3884 1362 3938 83.
1379 3901 1393 3935 «
1409 3886 1449 3938 De

211 3970 357 4034 poetarum
371 3963 513 4018 amoribus
527 3981 551 4017 ›>.
565 3995 597 4003 -
612 3967 645 4018 V.
664 3982 679 4016 «
697 3967 766 4019 Jeux
782 3965 927 4035 poetiques
942 3983 956 4018 o
969 3966 1003 4019 V⁶
1019 3965 1105 4035 partie
1120 3968 1161 4032 (T.
1176 3967 1200 4019 ll
1215 3983 1241 4035 p.
1256 3966 1330 4032 889):

513 4113 528 4149 «
547 4097 576 4152 Si
592 4097 625 4149 de
640 4097 759 4150 l'amour
769 4097 799 4165 je
814 4096 913 4150 chante
926 4097 968 4150 les
982 4097 1086 4160 effecte,

546 4178 674 4246 Scachez,
689 4179 801 4244 Thiard,
816 4180 916 4250 qu'aux
931 4179 1057 4234 discours
1071 4195 1125 4248 que
1136 4178 1165 4248 je
1178 4179 1241 4244 faie,

542 4263 574 4315 le
592 4261 652 4315 suis
666 4278 732 4316 sans
746 4263 812 4332 plus
826 4277 977 4316 amoureux
993 4262 1026 4316 de
1040 4278 1222 4332 moy-mesine
1237 4280 1261 4314 a.

242 4369 256 4408 2
274 4367 367 4438 Epigr.
382 4368 417 4431 ll,
432 4368 472 4423 15.
508 4371 513 4382 ’

244 4475 256 4516 ³
274 4476 325 4544 Ep.
341 4475 387 4538 IV,
404 4475 443 4529 16.
458 4474 533 4529 Alibi
556 4474 685 4530 Sabinam
707 4492 786 4529 suam
810 4482 951 4546 comparat
971 4493 1034 4529 cum
1055 4476 1163 4540 arbore,
1185 4491 1234 4528 seu
1248 4473 1343 4537 herba,
1365 4490 1447 4543 quam

209 4563 321 4612 ueteres
334 4561 390 4610 et«
408 4557 533 4610 sabinam
551 4556 670 4611 »dicere
684 4557 820 4612 solebant.
835 4559 867 4612 V.
883 4557 976 4628 Epigr.
991 4559 1038 4622 IV,
1050 4558 1093 4612 94.

245 4663 504 4735 lnp.v11‚90.—
527 4665 570 4718 cf.
588 4665 622 4719 R.
643 4664 766 4728 Belleau,
789 4663 874 4732 (Edit.
898 4663 1014 4719 Elzevir.
1039 4671 1059 4718 t.
1083 4666 1117 4730 ll,
1139 4681 1186 4734 pp.
1208 4663 1345 4734 200-20.):
1377 4665 1449 4718 deux

215 4749 334 4802 Sennets
347 4747 426 4802 «Sur
439 4762 493 4800 une
506 4746 588 4801 lettre
601 4746 712 4801 bruslte
726 4763 751 4800 Ι).
