<?xml version="1.0" encoding="UTF-8"?>
<!DOCTYPE html PUBLIC "-//W3C//DTD XHTML 1.0 Transitional//EN"
    "http://www.w3.org/TR/xhtml1/DTD/xhtml1-transitional.dtd">
<html xmlns="http://www.w3.org/1999/xhtml" xml:lang="en" lang="en">
 <head>
  <title>
</title>
<meta http-equiv="Content-Type" content="text/html;charset=utf-8" />
  <meta name='ocr-system' content='tesseract 3.04.00' />
  <meta name='ocr-capabilities' content='ocr_page ocr_carea ocr_par ocr_line ocrx_word'/>
</head>
<body>
  <div class='ocr_page' id='page_1' title='image "./destephanipasqu00dupogoog_0038.png"; bbox 0 0 3614 5442; ppageno 0'>
   <div class='ocr_carea' id='block_1_1' title="bbox 786 393 917 449">
    <p class='ocr_par' dir='ltr' id='par_1_1' title="bbox 786 393 917 449">
     <span class='ocr_line' id='line_1_1' title="bbox 786 393 917 449; baseline 0 -15"><span class='ocrx_word' id='word_1_1' title='bbox 786 393 917 449; x_wconf 64' lang='lat' dir='ltr'>..ffi-</span> 
     </span>
    </p>
   </div>
   <div class='ocr_carea' id='block_1_2' title="bbox 147 590 1466 976">
    <p class='ocr_par' dir='ltr' id='par_1_2' title="bbox 147 590 1466 976">
     <span class='ocr_line' id='line_1_2' title="bbox 147 590 1466 675; baseline -0.005 -12"><span class='ocrx_word' id='word_1_2' title='bbox 147 591 150 596; x_wconf 72' lang='grc'>’</span> <span class='ocrx_word' id='word_1_3' title='bbox 229 599 292 662; x_wconf 81' lang='lat' dir='ltr'><strong>Est</strong></span> <span class='ocrx_word' id='word_1_4' title='bbox 313 597 369 662; x_wconf 91' lang='lat' dir='ltr'><strong>ubi</strong></span> <span class='ocrx_word' id='word_1_5' title='bbox 393 603 505 662; x_wconf 90' lang='lat' dir='ltr'><strong>noster</strong></span> <span class='ocrx_word' id='word_1_6' title='bbox 528 596 642 661; x_wconf 89' lang='lat' dir='ltr'><strong>miscet</strong></span> <span class='ocrx_word' id='word_1_7' title='bbox 665 596 785 672; x_wconf 92' lang='lat' dir='ltr'><strong>omnia,</strong></span> <span class='ocrx_word' id='word_1_8' title='bbox 804 595 911 659; x_wconf 88' lang='lat' dir='ltr'><strong>virum</strong></span> <span class='ocrx_word' id='word_1_9' title='bbox 926 593 1086 658; x_wconf 78' lang='lat' dir='ltr'><strong>eviratum</strong></span> <span class='ocrx_word' id='word_1_10' title='bbox 1097 590 1220 657; x_wconf 92' lang='lat' dir='ltr'><strong>inducit</strong></span> <span class='ocrx_word' id='word_1_11' title='bbox 1229 591 1296 675; x_wconf 88' lang='lat' dir='ltr'><strong>qui,</strong></span> <span class='ocrx_word' id='word_1_12' title='bbox 1309 591 1350 656; x_wconf 91' lang='lat' dir='ltr'><strong>ab</strong></span> <span class='ocrx_word' id='word_1_13' title='bbox 1362 609 1466 656; x_wconf 90' lang='lat' dir='ltr'><strong>uxore</strong></span> 
     </span>
     <span class='ocr_line' id='line_1_3' title="bbox 229 689 1465 780; baseline -0.006 -18"><span class='ocrx_word' id='word_1_14' title='bbox 229 700 400 762; x_wconf 82' lang='lat' dir='ltr'><strong>incusatus</strong></span> <span class='ocrx_word' id='word_1_15' title='bbox 414 694 500 780; x_wconf 90' lang='lat' dir='ltr'><strong>quod</strong></span> <span class='ocrx_word' id='word_1_16' title='bbox 524 714 597 761; x_wconf 90' lang='lat' dir='ltr'><strong>eam</strong></span> <span class='ocrx_word' id='word_1_17' title='bbox 611 691 745 760; x_wconf 84' lang='lat' dir='ltr'><strong>efficere</strong></span> <span class='ocrx_word' id='word_1_18' title='bbox 767 711 847 758; x_wconf 88' lang='lat' dir='ltr'><strong>vere</strong></span> <span class='ocrx_word' id='word_1_19' title='bbox 870 691 1023 757; x_wconf 85' lang='lat' dir='ltr'><strong>seminam</strong></span> <span class='ocrx_word' id='word_1_20' title='bbox 1037 692 1234 776; x_wconf 74' lang='lat' dir='ltr'>nequiverit,</span> <span class='ocrx_word' id='word_1_21' title='bbox 1255 689 1412 756; x_wconf 77' lang='lat' dir='ltr'><strong>audacter</strong></span> <span class='ocrx_word' id='word_1_22' title='bbox 1425 709 1465 755; x_wconf 88' lang='lat' dir='ltr'><strong>ac</strong></span> 
     </span>
     <span class='ocr_line' id='line_1_4' title="bbox 229 787 1464 879; baseline -0.007 -19"><span class='ocrx_word' id='word_1_23' title='bbox 229 796 395 861; x_wconf 74' lang='lat' dir='ltr'><strong>subtiliter</strong></span> <span class='ocrx_word' id='word_1_24' title='bbox 404 793 579 879; x_wconf 80' lang='lat' dir='ltr'>respondet</span> <span class='ocrx_word' id='word_1_25' title='bbox 589 791 713 857; x_wconf 90' lang='lat' dir='ltr'><strong>violare</strong></span> <span class='ocrx_word' id='word_1_26' title='bbox 722 811 758 856; x_wconf 94' lang='lat' dir='ltr'><strong>se</strong></span> <span class='ocrx_word' id='word_1_27' title='bbox 768 791 927 876; x_wconf 86' lang='lat' dir='ltr'><strong>justitiam</strong></span> <span class='ocrx_word' id='word_1_28' title='bbox 936 791 1092 874; x_wconf 89' lang='lat' dir='ltr'><strong>potuisse,</strong></span> <span class='ocrx_word' id='word_1_29' title='bbox 1105 788 1225 878; x_wconf 90' lang='lat' dir='ltr'><strong>nedum</strong></span> <span class='ocrx_word' id='word_1_30' title='bbox 1239 787 1464 854; x_wconf 80' lang='lat' dir='ltr'>mulierculam</span> 
     </span>
     <span class='ocr_line' id='line_1_5' title="bbox 228 891 775 976; baseline -0.009 -17"><span class='ocrx_word' id='word_1_31' title='bbox 228 914 331 959; x_wconf 91' lang='lat' dir='ltr'><strong>unam</strong></span> <span class='ocrx_word' id='word_1_32' title='bbox 343 895 569 959; x_wconf 77' lang='lat' dir='ltr'><strong>intemeratam</strong></span> <span class='ocrx_word' id='word_1_33' title='bbox 588 891 775 976; x_wconf 83' lang='lat' dir='ltr'><strong>reliquerit:</strong></span> 
     </span>
    </p>
   </div>
   <div class='ocr_carea' id='block_1_3' title="bbox 465 1071 1193 1293">
    <p class='ocr_par' dir='ltr' id='par_1_3' title="bbox 465 1071 1193 1293">
     <span class='ocr_line' id='line_1_6' title="bbox 465 1071 1193 1144; baseline -0.005 -17"><span class='ocrx_word' id='word_1_34' title='bbox 465 1092 479 1127; x_wconf 89' lang='lat'>«</span> <span class='ocrx_word' id='word_1_35' title='bbox 501 1113 558 1128; x_wconf 91' lang='lat'>....</span> <span class='ocrx_word' id='word_1_36' title='bbox 580 1073 643 1129; x_wconf 91' lang='lat' dir='ltr'><strong>Non</strong></span> <span class='ocrx_word' id='word_1_37' title='bbox 656 1088 828 1143; x_wconf 84' lang='lat' dir='ltr'><strong>corrumpam</strong></span> <span class='ocrx_word' id='word_1_38' title='bbox 843 1087 895 1144; x_wconf 90' lang='lat' dir='ltr'><strong>ego</strong></span> <span class='ocrx_word' id='word_1_39' title='bbox 906 1071 1040 1141; x_wconf 87' lang='lat' dir='ltr'><strong>virginem</strong></span> <span class='ocrx_word' id='word_1_40' title='bbox 1053 1071 1193 1134; x_wconf 84' lang='lat' dir='ltr'><strong>tenellam,</strong></span> 
     </span>
     <span class='ocr_line' id='line_1_7' title="bbox 580 1155 1120 1226; baseline -0.006 -16"><span class='ocrx_word' id='word_1_41' title='bbox 580 1155 634 1220; x_wconf 86' lang='lat' dir='ltr'><strong>Qui</strong></span> <span class='ocrx_word' id='word_1_42' title='bbox 648 1171 822 1226; x_wconf 88' lang='lat' dir='ltr'><strong>corrumpere</strong></span> <span class='ocrx_word' id='word_1_43' title='bbox 835 1155 985 1208; x_wconf 86' lang='lat' dir='ltr'><strong>masculam</strong></span> <span class='ocrx_word' id='word_1_44' title='bbox 999 1155 1120 1224; x_wconf 91' lang='lat' dir='ltr'><strong>puellam</strong></span> 
     </span>
     <span class='ocr_line' id='line_1_8' title="bbox 581 1232 1004 1293; baseline -0.007 0"><span class='ocrx_word' id='word_1_45' title='bbox 581 1238 688 1293; x_wconf 87' lang='lat' dir='ltr'><strong>Possim</strong></span> <span class='ocrx_word' id='word_1_46' title='bbox 700 1232 862 1292; x_wconf 77' lang='lat' dir='ltr'><strong>iustitiam?</strong></span> <span class='ocrx_word' id='word_1_47' title='bbox 879 1276 919 1290; x_wconf 90' lang='lat'><strong>...</strong></span> <span class='ocrx_word' id='word_1_48' title='bbox 931 1277 936 1288; x_wconf 95' lang='lat'>.</span> <span class='ocrx_word' id='word_1_49' title='bbox 956 1253 969 1288; x_wconf 82' lang='lat' dir='ltr'><strong>s</strong></span> <span class='ocrx_word' id='word_1_50' title='bbox 986 1235 1004 1290; x_wconf 85' lang='lat'><strong>¹.</strong></span> 
     </span>
    </p>
   </div>
   <div class='ocr_carea' id='block_1_4' title="bbox 231 1400 1467 1688">
    <p class='ocr_par' dir='ltr' id='par_1_4' title="bbox 231 1400 1467 1688">
     <span class='ocr_line' id='line_1_9' title="bbox 274 1400 1467 1490; baseline -0.003 -20"><span class='ocrx_word' id='word_1_51' title='bbox 274 1407 441 1471; x_wconf 82' lang='lat' dir='ltr'><strong>locatione</strong></span> <span class='ocrx_word' id='word_1_52' title='bbox 459 1424 526 1470; x_wconf 89' lang='lat' dir='ltr'><strong>non</strong></span> <span class='ocrx_word' id='word_1_53' title='bbox 552 1404 696 1490; x_wconf 77' lang='lat' dir='ltr'><strong>illepide,</strong></span> <span class='ocrx_word' id='word_1_54' title='bbox 719 1404 865 1488; x_wconf 90' lang='lat' dir='ltr'><strong>improba</strong></span> <span class='ocrx_word' id='word_1_55' title='bbox 888 1404 1045 1486; x_wconf 67' lang='lat' dir='ltr'><strong>quamvis</strong></span> <span class='ocrx_word' id='word_1_56' title='bbox 1076 1421 1171 1467; x_wconf 90' lang='lat' dir='ltr'><strong>casus</strong></span> <span class='ocrx_word' id='word_1_57' title='bbox 1201 1400 1325 1468; x_wconf 89' lang='lat' dir='ltr'><strong>ridetur</strong></span> <span class='ocrx_word' id='word_1_58' title='bbox 1351 1401 1467 1467; x_wconf 90' lang='lat' dir='ltr'><strong>medici</strong></span> 
     </span>
     <span class='ocr_line' id='line_1_10' title="bbox 231 1501 1465 1586; baseline -0.002 -20"><span class='ocrx_word' id='word_1_59' title='bbox 231 1505 334 1581; x_wconf 79' lang='lat' dir='ltr'><strong>illiue,</strong></span> <span class='ocrx_word' id='word_1_60' title='bbox 363 1504 415 1569; x_wconf 91' lang='lat' dir='ltr'><strong>cui</strong></span> <span class='ocrx_word' id='word_1_61' title='bbox 437 1523 496 1569; x_wconf 90' lang='lat' dir='ltr'><strong>sua</strong></span> <span class='ocrx_word' id='word_1_62' title='bbox 519 1521 584 1568; x_wconf 93' lang='lat' dir='ltr'><strong>non</strong></span> <span class='ocrx_word' id='word_1_63' title='bbox 607 1502 692 1568; x_wconf 89' lang='lat' dir='ltr'><strong>bene</strong></span> <span class='ocrx_word' id='word_1_64' title='bbox 720 1502 818 1568; x_wconf 88' lang='lat' dir='ltr'><strong>cessit</strong></span> <span class='ocrx_word' id='word_1_65' title='bbox 842 1501 990 1579; x_wconf 87' lang='lat' dir='ltr'><strong>avaritia,</strong></span> <span class='ocrx_word' id='word_1_66' title='bbox 1015 1501 1102 1586; x_wconf 87' lang='lat' dir='ltr'><strong>quod</strong></span> <span class='ocrx_word' id='word_1_67' title='bbox 1125 1501 1186 1565; x_wconf 91' lang='lat' dir='ltr'><strong>erit</strong></span> <span class='ocrx_word' id='word_1_68' title='bbox 1207 1501 1414 1586; x_wconf 88' lang='lat' dir='ltr'><strong>perspicuum</strong></span> <span class='ocrx_word' id='word_1_69' title='bbox 1438 1501 1465 1564; x_wconf 85' lang='lat' dir='ltr'><strong>si</strong></span> 
     </span>
     <span class='ocr_line' id='line_1_11' title="bbox 231 1599 1148 1688; baseline -0.004 -22"><span class='ocrx_word' id='word_1_70' title='bbox 231 1603 412 1688; x_wconf 85' lang='lat' dir='ltr'><strong>turpiorem</strong></span> <span class='ocrx_word' id='word_1_71' title='bbox 428 1601 705 1668; x_wconf 89' lang='lat' dir='ltr'><strong>narratiunculam</strong></span> <span class='ocrx_word' id='word_1_72' title='bbox 719 1602 833 1687; x_wconf 87' lang='lat' dir='ltr'><strong>legere</strong></span> <span class='ocrx_word' id='word_1_73' title='bbox 845 1608 880 1667; x_wconf 90' lang='lat' dir='ltr'><strong>te</strong></span> <span class='ocrx_word' id='word_1_74' title='bbox 897 1619 963 1666; x_wconf 92' lang='lat' dir='ltr'><strong>non</strong></span> <span class='ocrx_word' id='word_1_75' title='bbox 978 1599 1148 1686; x_wconf 86' lang='lat' dir='ltr'><strong>puduerit:</strong></span> 
     </span>
    </p>
   </div>
   <div class='ocr_carea' id='block_1_5' title="bbox 497 1780 1385 2429">
    <p class='ocr_par' dir='ltr' id='par_1_5' title="bbox 497 1780 1163 1850">
     <span class='ocr_line' id='line_1_12' title="bbox 497 1780 1163 1850; baseline -0.003 -16"><span class='ocrx_word' id='word_1_76' title='bbox 497 1798 512 1834; x_wconf 93' lang='lat'>«</span> <span class='ocrx_word' id='word_1_77' title='bbox 531 1781 683 1836; x_wconf 90' lang='lat' dir='ltr'><strong>Brutidiam</strong></span> <span class='ocrx_word' id='word_1_78' title='bbox 697 1781 798 1835; x_wconf 79' lang='lat' dir='ltr'><strong>Fronto</strong></span> <span class='ocrx_word' id='word_1_79' title='bbox 812 1787 955 1836; x_wconf 87' lang='lat' dir='ltr'><strong>curaverat</strong></span> <span class='ocrx_word' id='word_1_80' title='bbox 968 1786 1027 1834; x_wconf 91' lang='lat' dir='ltr'><strong>arte</strong></span> <span class='ocrx_word' id='word_1_81' title='bbox 1040 1780 1163 1850; x_wconf 91' lang='lat' dir='ltr'><strong>puellam</strong></span> 
     </span>
    </p>

    <p class='ocr_par' dir='ltr' id='par_1_6' title="bbox 565 1862 1180 1933">
     <span class='ocr_line' id='line_1_13' title="bbox 565 1862 1180 1933; baseline -0.005 -15"><span class='ocrx_word' id='word_1_82' title='bbox 565 1867 598 1918; x_wconf 81' lang='lat' dir='ltr'><strong>llt</strong></span> <span class='ocrx_word' id='word_1_83' title='bbox 611 1864 715 1916; x_wconf 88' lang='lat' dir='ltr'><strong>nullam</strong></span> <span class='ocrx_word' id='word_1_84' title='bbox 731 1863 835 1918; x_wconf 90' lang='lat' dir='ltr'><strong>medico</strong></span> <span class='ocrx_word' id='word_1_85' title='bbox 850 1864 971 1918; x_wconf 88' lang='lat' dir='ltr'><strong>solverat</strong></span> <span class='ocrx_word' id='word_1_86' title='bbox 984 1879 1057 1933; x_wconf 86' lang='lat' dir='ltr'><strong>aegra</strong></span> <span class='ocrx_word' id='word_1_87' title='bbox 1071 1862 1180 1932; x_wconf 88' lang='lat' dir='ltr'><strong>stipem.</strong></span> 
     </span>
    </p>

    <p class='ocr_par' dir='ltr' id='par_1_7' title="bbox 532 1945 1385 2098">
     <span class='ocr_line' id='line_1_14' title="bbox 532 1945 1385 2018; baseline -0.005 -17"><span class='ocrx_word' id='word_1_88' title='bbox 532 1947 716 2018; x_wconf 88' lang='lat' dir='ltr'><strong>Conqueritur</strong></span> <span class='ocrx_word' id='word_1_89' title='bbox 729 1946 859 2000; x_wconf 88' lang='lat' dir='ltr'><strong>medicus.</strong></span> <span class='ocrx_word' id='word_1_90' title='bbox 874 1945 976 2001; x_wconf 88' lang='lat' dir='ltr'><strong>Mulier</strong></span> <span class='ocrx_word' id='word_1_91' title='bbox 990 1945 1055 1998; x_wconf 86' lang='lat' dir='ltr'><strong>sed:</strong></span> <span class='ocrx_word' id='word_1_92' title='bbox 1072 1946 1161 2008; x_wconf 87' lang='lat' dir='ltr'><strong>Quam</strong></span> <span class='ocrx_word' id='word_1_93' title='bbox 1175 1945 1272 2014; x_wconf 81' lang='lat' dir='ltr'><strong>exigis,</strong></span> <span class='ocrx_word' id='word_1_94' title='bbox 1286 1945 1385 2014; x_wconf 89' lang='lat' dir='ltr'><strong>inquit,</strong></span> 
     </span>
     <span class='ocr_line' id='line_1_15' title="bbox 565 2028 1211 2098; baseline -0.005 -16"><span class='ocrx_word' id='word_1_95' title='bbox 565 2029 719 2082; x_wconf 87' lang='lat' dir='ltr'><strong>Mercedem</strong></span> <span class='ocrx_word' id='word_1_96' title='bbox 735 2028 849 2098; x_wconf 88' lang='lat' dir='ltr'><strong>ingenii,</strong></span> <span class='ocrx_word' id='word_1_97' title='bbox 863 2043 986 2098; x_wconf 89' lang='lat' dir='ltr'><strong>corpore,</strong></span> <span class='ocrx_word' id='word_1_98' title='bbox 1003 2029 1114 2091; x_wconf 80' lang='lat' dir='ltr'><strong>Fronto,</strong></span> <span class='ocrx_word' id='word_1_99' title='bbox 1127 2028 1211 2081; x_wconf 90' lang='lat' dir='ltr'><strong>luam.</strong></span> 
     </span>
    </p>

    <p class='ocr_par' dir='ltr' id='par_1_8' title="bbox 532 2109 1277 2263">
     <span class='ocr_line' id='line_1_16' title="bbox 532 2109 1266 2180; baseline -0.004 -15"><span class='ocrx_word' id='word_1_100' title='bbox 532 2112 590 2165; x_wconf 90' lang='lat' dir='ltr'><strong>Nec</strong></span> <span class='ocrx_word' id='word_1_101' title='bbox 603 2126 695 2164; x_wconf 92' lang='lat' dir='ltr'><strong>mora:</strong></span> <span class='ocrx_word' id='word_1_102' title='bbox 712 2111 880 2164; x_wconf 88' lang='lat' dir='ltr'><strong>conveniunt</strong></span> <span class='ocrx_word' id='word_1_103' title='bbox 892 2110 992 2163; x_wconf 82' lang='lat' dir='ltr'><strong>validis</strong></span> <span class='ocrx_word' id='word_1_104' title='bbox 1005 2110 1134 2180; x_wconf 87' lang='lat' dir='ltr'><strong>utrinque</strong></span> <span class='ocrx_word' id='word_1_105' title='bbox 1147 2109 1266 2163; x_wconf 79' lang='lat' dir='ltr'><strong>lacertis</strong></span> 
     </span>
     <span class='ocr_line' id='line_1_17' title="bbox 565 2193 1277 2263; baseline -0.003 -16"><span class='ocrx_word' id='word_1_106' title='bbox 565 2193 686 2248; x_wconf 88' lang='lat' dir='ltr'><strong>Italicam</strong></span> <span class='ocrx_word' id='word_1_107' title='bbox 702 2193 825 2247; x_wconf 87' lang='lat' dir='ltr'><strong>medicus</strong></span> <span class='ocrx_word' id='word_1_108' title='bbox 840 2193 946 2263; x_wconf 82' lang='lat' dir='ltr'><strong>colligit</strong></span> <span class='ocrx_word' id='word_1_109' title='bbox 959 2193 1023 2248; x_wconf 88' lang='lat' dir='ltr'><strong>inde</strong></span> <span class='ocrx_word' id='word_1_110' title='bbox 1035 2193 1119 2248; x_wconf 89' lang='lat' dir='ltr'><strong>luem.</strong></span> <span class='ocrx_word' id='word_1_111' title='bbox 1275 2255 1277 2262; x_wconf 33' lang='grc' dir='ltr'>Ι</span> 
     </span>
    </p>

    <p class='ocr_par' dir='ltr' id='par_1_9' title="bbox 532 2275 1267 2429">
     <span class='ocr_line' id='line_1_18' title="bbox 532 2275 1254 2347; baseline -0.007 -14"><span class='ocrx_word' id='word_1_112' title='bbox 532 2278 653 2347; x_wconf 79' lang='lat' dir='ltr'><strong>Corpore</strong></span> <span class='ocrx_word' id='word_1_113' title='bbox 666 2277 714 2346; x_wconf 88' lang='lat' dir='ltr'><strong>qui</strong></span> <span class='ocrx_word' id='word_1_114' title='bbox 728 2293 778 2347; x_wconf 92' lang='lat' dir='ltr'><strong>pro</strong></span> <span class='ocrx_word' id='word_1_115' title='bbox 791 2292 875 2346; x_wconf 90' lang='lat' dir='ltr'><strong>opera</strong></span> <span class='ocrx_word' id='word_1_116' title='bbox 892 2277 981 2330; x_wconf 89' lang='lat' dir='ltr'><strong>voluit</strong></span> <span class='ocrx_word' id='word_1_117' title='bbox 992 2277 1034 2331; x_wconf 85' lang='lat' dir='ltr'><strong>vir</strong></span> <span class='ocrx_word' id='word_1_118' title='bbox 1046 2292 1164 2346; x_wconf 84' lang='lat' dir='ltr'><strong>spurcus</strong></span> <span class='ocrx_word' id='word_1_119' title='bbox 1177 2275 1254 2329; x_wconf 88' lang='lat' dir='ltr'><strong>abuti</strong></span> 
     </span>
     <span class='ocr_line' id='line_1_19' title="bbox 564 2352 1267 2429; baseline -0.006 -15"><span class='ocrx_word' id='word_1_120' title='bbox 564 2359 606 2414; x_wconf 81' lang='lat' dir='ltr'><strong>An</strong></span> <span class='ocrx_word' id='word_1_121' title='bbox 620 2375 676 2412; x_wconf 90' lang='lat' dir='ltr'><strong>nen</strong></span> <span class='ocrx_word' id='word_1_122' title='bbox 690 2352 841 2412; x_wconf 85' lang='lat' dir='ltr'><strong>mercedem</strong></span> <span class='ocrx_word' id='word_1_123' title='bbox 856 2375 938 2429; x_wconf 90' lang='lat' dir='ltr'><strong>quam</strong></span> <span class='ocrx_word' id='word_1_124' title='bbox 953 2366 1089 2412; x_wconf 88' lang='lat' dir='ltr'><strong>mereatur</strong></span> <span class='ocrx_word' id='word_1_125' title='bbox 1103 2354 1209 2411; x_wconf 87' lang='lat' dir='ltr'><strong>habet?</strong></span> <span class='ocrx_word' id='word_1_126' title='bbox 1223 2375 1237 2410; x_wconf 93' lang='lat'>»</span> <span class='ocrx_word' id='word_1_127' title='bbox 1246 2357 1267 2409; x_wconf 84' lang='lat'><strong>².</strong></span> 
     </span>
    </p>
   </div>
   <div class='ocr_carea' id='block_1_6' title="bbox 233 2525 1468 3204">
    <p class='ocr_par' dir='ltr' id='par_1_10' title="bbox 233 2525 1467 2690">
     <span class='ocr_line' id='line_1_20' title="bbox 235 2525 1467 2610; baseline -0.002 -22"><span class='ocrx_word' id='word_1_128' title='bbox 235 2525 352 2590; x_wconf 92' lang='lat' dir='ltr'><strong>Nonne</strong></span> <span class='ocrx_word' id='word_1_129' title='bbox 366 2525 419 2590; x_wconf 87' lang='lat' dir='ltr'><strong>bic</strong></span> <span class='ocrx_word' id='word_1_130' title='bbox 433 2531 483 2589; x_wconf 92' lang='lat' dir='ltr'><strong>est</strong></span> <span class='ocrx_word' id='word_1_131' title='bbox 510 2544 619 2590; x_wconf 89' lang='lat' dir='ltr'><strong>merus</strong></span> <span class='ocrx_word' id='word_1_132' title='bbox 642 2527 821 2610; x_wconf 64' lang='lat' dir='ltr'><strong>Apologus</strong></span> <span class='ocrx_word' id='word_1_133' title='bbox 844 2525 968 2592; x_wconf 90' lang='lat' dir='ltr'><strong>Fabula</strong></span> <span class='ocrx_word' id='word_1_134' title='bbox 992 2544 1082 2600; x_wconf 84' lang='lat' dir='ltr'><strong>vera,</strong></span> <span class='ocrx_word' id='word_1_135' title='bbox 1107 2544 1203 2610; x_wconf 89' lang='lat' dir='ltr'><strong>quarn</strong></span> <span class='ocrx_word' id='word_1_136' title='bbox 1227 2531 1336 2590; x_wconf 90' lang='lat' dir='ltr'><strong>tamen</strong></span> <span class='ocrx_word' id='word_1_137' title='bbox 1363 2525 1467 2608; x_wconf 82' lang='lat' dir='ltr'><strong>magis</strong></span> 
     </span>
     <span class='ocr_line' id='line_1_21' title="bbox 233 2623 1238 2690; baseline 0.002 -3"><span class='ocrx_word' id='word_1_138' title='bbox 233 2623 377 2688; x_wconf 88' lang='lat' dir='ltr'><strong>admirer</strong></span> <span class='ocrx_word' id='word_1_139' title='bbox 391 2625 419 2688; x_wconf 89' lang='lat' dir='ltr'><strong>si</strong></span> <span class='ocrx_word' id='word_1_140' title='bbox 435 2643 542 2690; x_wconf 90' lang='lat' dir='ltr'><strong>meres</strong></span> <span class='ocrx_word' id='word_1_141' title='bbox 557 2630 664 2690; x_wconf 87' lang='lat' dir='ltr'><strong>castos</strong></span> <span class='ocrx_word' id='word_1_142' title='bbox 678 2625 871 2690; x_wconf 86' lang='lat' dir='ltr'><strong>castioribus</strong></span> <span class='ocrx_word' id='word_1_143' title='bbox 886 2625 994 2690; x_wconf 89' lang='lat' dir='ltr'><strong>verbis</strong></span> <span class='ocrx_word' id='word_1_144' title='bbox 1011 2623 1238 2690; x_wconf 76' lang='lat' dir='ltr'><strong>admoneretl.</strong></span> 
     </span>
    </p>

    <p class='ocr_par' dir='ltr' id='par_1_11' title="bbox 234 2721 1468 3204">
     <span class='ocr_line' id='line_1_22' title="bbox 277 2721 1468 2809; baseline -0.001 -22"><span class='ocrx_word' id='word_1_145' title='bbox 277 2722 400 2807; x_wconf 88' lang='lat' dir='ltr'><strong>Saepius</strong></span> <span class='ocrx_word' id='word_1_146' title='bbox 439 2723 525 2786; x_wconf 92' lang='lat' dir='ltr'><strong>enim</strong></span> <span class='ocrx_word' id='word_1_147' title='bbox 561 2723 771 2808; x_wconf 88' lang='lat' dir='ltr'><strong>Pasquierius</strong></span> <span class='ocrx_word' id='word_1_148' title='bbox 804 2743 859 2788; x_wconf 91' lang='lat' dir='ltr'><strong>res</strong></span> <span class='ocrx_word' id='word_1_149' title='bbox 894 2722 1072 2809; x_wconf 89' lang='lat' dir='ltr'><strong>impudicas</strong></span> <span class='ocrx_word' id='word_1_150' title='bbox 1107 2724 1243 2808; x_wconf 91' lang='lat' dir='ltr'><strong>impuris</strong></span> <span class='ocrx_word' id='word_1_151' title='bbox 1281 2721 1468 2787; x_wconf 90' lang='lat' dir='ltr'><strong>nominibus</strong></span> 
     </span>
     <span class='ocr_line' id='line_1_23' title="bbox 234 2819 1467 2907; baseline -0.002 -22"><span class='ocrx_word' id='word_1_152' title='bbox 234 2819 584 2906; x_wconf 84' lang='lat' dir='ltr'><strong>significat,quonia1n</strong></span> <span class='ocrx_word' id='word_1_153' title='bbox 620 2829 652 2887; x_wconf 90' lang='lat' dir='ltr'><strong>et</strong></span> <span class='ocrx_word' id='word_1_154' title='bbox 678 2822 781 2886; x_wconf 90' lang='lat' dir='ltr'><strong>Latini</strong></span> <span class='ocrx_word' id='word_1_155' title='bbox 807 2829 937 2887; x_wconf 89' lang='lat' dir='ltr'><strong>veteres</strong></span> <span class='ocrx_word' id='word_1_156' title='bbox 972 2828 1005 2887; x_wconf 92' lang='lat' dir='ltr'><strong>et</strong></span> <span class='ocrx_word' id='word_1_157' title='bbox 1039 2821 1125 2889; x_wconf 87' lang='lat' dir='ltr'><strong>Galli</strong></span> <span class='ocrx_word' id='word_1_158' title='bbox 1158 2821 1299 2907; x_wconf 85' lang='lat' dir='ltr'><strong>majores</strong></span> <span class='ocrx_word' id='word_1_159' title='bbox 1333 2821 1467 2886; x_wconf 87' lang='lat' dir='ltr'><strong>crudam</strong></span> 
     </span>
     <span class='ocr_line' id='line_1_24' title="bbox 235 2919 1468 3006; baseline -0.001 -21"><span class='ocrx_word' id='word_1_160' title='bbox 235 2921 470 2986; x_wconf 80' lang='lat' dir='ltr'><strong>obscenitatem</strong></span> <span class='ocrx_word' id='word_1_161' title='bbox 487 2939 551 2984; x_wconf 92' lang='lat' dir='ltr'><strong>non</strong></span> <span class='ocrx_word' id='word_1_162' title='bbox 567 2921 776 3005; x_wconf 88' lang='lat' dir='ltr'><strong>respuebant.</strong></span> <span class='ocrx_word' id='word_1_163' title='bbox 800 2920 902 3006; x_wconf 84' lang='lat' dir='ltr'><strong>Cujus</strong></span> <span class='ocrx_word' id='word_1_164' title='bbox 920 2920 1072 2997; x_wconf 76' lang='lat' dir='ltr'><strong>licentiae,</strong></span> <span class='ocrx_word' id='word_1_165' title='bbox 1092 2941 1151 2985; x_wconf 89' lang='lat' dir='ltr'><strong>seu</strong></span> <span class='ocrx_word' id='word_1_166' title='bbox 1166 2940 1219 2985; x_wconf 90' lang='lat' dir='ltr'><strong>res</strong></span> <span class='ocrx_word' id='word_1_167' title='bbox 1244 2919 1468 2994; x_wconf 73' lang='lat' dir='ltr'><strong>inverecunde</strong></span> 
     </span>
     <span class='ocr_line' id='line_1_25' title="bbox 235 3018 1465 3105; baseline -0.003 -19"><span class='ocrx_word' id='word_1_168' title='bbox 235 3020 476 3105; x_wconf 87' lang='lat' dir='ltr'><strong>exprimuntur,</strong></span> <span class='ocrx_word' id='word_1_169' title='bbox 496 3040 552 3084; x_wconf 92' lang='lat' dir='ltr'><strong>seu</strong></span> <span class='ocrx_word' id='word_1_170' title='bbox 568 3020 720 3104; x_wconf 86' lang='lat' dir='ltr'><strong>ambigue</strong></span> <span class='ocrx_word' id='word_1_171' title='bbox 738 3040 776 3085; x_wconf 93' lang='lat' dir='ltr'><strong>ac</strong></span> <span class='ocrx_word' id='word_1_172' title='bbox 790 3020 956 3105; x_wconf 82' lang='lat' dir='ltr'><strong>perplexe,</strong></span> <span class='ocrx_word' id='word_1_173' title='bbox 973 3021 1160 3105; x_wconf 89' lang='lat' dir='ltr'><strong>exemplum</strong></span> <span class='ocrx_word' id='word_1_174' title='bbox 1178 3018 1312 3084; x_wconf 86' lang='lat' dir='ltr'><strong>afferam</strong></span> <span class='ocrx_word' id='word_1_175' title='bbox 1329 3018 1465 3094; x_wconf 91' lang='lat' dir='ltr'><strong>nullum,</strong></span> 
     </span>
     <span class='ocr_line' id='line_1_26' title="bbox 236 3119 1468 3204; baseline -0.001 -21"><span class='ocrx_word' id='word_1_176' title='bbox 236 3119 368 3204; x_wconf 88' lang='lat' dir='ltr'><strong>pudoris</strong></span> <span class='ocrx_word' id='word_1_177' title='bbox 383 3138 492 3185; x_wconf 88' lang='lat' dir='ltr'><strong>causa.</strong></span> <span class='ocrx_word' id='word_1_178' title='bbox 509 3120 591 3185; x_wconf 89' lang='lat' dir='ltr'><strong>Sunt</strong></span> <span class='ocrx_word' id='word_1_179' title='bbox 610 3122 696 3184; x_wconf 88' lang='lat' dir='ltr'><strong>enim</strong></span> <span class='ocrx_word' id='word_1_180' title='bbox 705 3120 773 3204; x_wconf 89' lang='lat' dir='ltr'><strong>joci</strong></span> <span class='ocrx_word' id='word_1_181' title='bbox 788 3119 879 3184; x_wconf 87' lang='lat' dir='ltr'><strong>multi</strong></span> <span class='ocrx_word' id='word_1_182' title='bbox 889 3139 970 3204; x_wconf 90' lang='lat' dir='ltr'><strong>ques</strong></span> <span class='ocrx_word' id='word_1_183' title='bbox 985 3139 1089 3184; x_wconf 82' lang='lat' dir='ltr'><strong>novus</strong></span> <span class='ocrx_word' id='word_1_184' title='bbox 1104 3125 1296 3184; x_wconf 90' lang='lat' dir='ltr'><strong>nosternon</strong></span> <span class='ocrx_word' id='word_1_185' title='bbox 1310 3119 1468 3184; x_wconf 85' lang='lat' dir='ltr'><strong>toleraret</strong></span> 
     </span>
    </p>
   </div>
   <div class='ocr_carea' id='block_1_7' title="bbox 235 3226 1469 3690">
    <p class='ocr_par' dir='ltr' id='par_1_12' title="bbox 235 3226 1227 3313">
     <span class='ocr_line' id='line_1_27' title="bbox 235 3226 1227 3313; baseline -0.003 -22"><span class='ocrx_word' id='word_1_186' title='bbox 235 3226 354 3312; x_wconf 91' lang='lat' dir='ltr'><strong>pudor,</strong></span> <span class='ocrx_word' id='word_1_187' title='bbox 370 3245 450 3309; x_wconf 88' lang='lat' dir='ltr'><strong>quos</strong></span> <span class='ocrx_word' id='word_1_188' title='bbox 466 3226 565 3310; x_wconf 87' lang='lat' dir='ltr'><strong>igitur</strong></span> <span class='ocrx_word' id='word_1_189' title='bbox 582 3227 709 3291; x_wconf 91' lang='lat' dir='ltr'><strong>silentio</strong></span> <span class='ocrx_word' id='word_1_190' title='bbox 728 3227 980 3310; x_wconf 79' lang='lat' dir='ltr'><strong>praetermittere</strong></span> <span class='ocrx_word' id='word_1_191' title='bbox 994 3228 1095 3292; x_wconf 92' lang='lat' dir='ltr'><strong>satius</strong></span> <span class='ocrx_word' id='word_1_192' title='bbox 1109 3232 1187 3313; x_wconf 92' lang='lat' dir='ltr'><strong>puto</strong></span> <span class='ocrx_word' id='word_1_193' title='bbox 1203 3228 1227 3288; x_wconf 83' lang='lat'><strong>³.</strong></span> 
     </span>
    </p>

    <p class='ocr_par' dir='ltr' id='par_1_13' title="bbox 235 3325 1469 3690">
     <span class='ocr_line' id='line_1_28' title="bbox 278 3325 1467 3410; baseline -0.001 -20"><span class='ocrx_word' id='word_1_194' title='bbox 278 3326 465 3391; x_wconf 88' lang='lat' dir='ltr'><strong>Summatim</strong></span> <span class='ocrx_word' id='word_1_195' title='bbox 481 3326 700 3408; x_wconf 88' lang='lat' dir='ltr'><strong>Pasquierius,</strong></span> <span class='ocrx_word' id='word_1_196' title='bbox 718 3325 860 3410; x_wconf 85' lang='lat' dir='ltr'><strong>quandiu</strong></span> <span class='ocrx_word' id='word_1_197' title='bbox 881 3326 975 3399; x_wconf 88' lang='lat' dir='ltr'><strong>vixit,</strong></span> <span class='ocrx_word' id='word_1_198' title='bbox 990 3344 1050 3390; x_wconf 90' lang='lat' dir='ltr'><strong>seu</strong></span> <span class='ocrx_word' id='word_1_199' title='bbox 1064 3325 1194 3391; x_wconf 84' lang='lat' dir='ltr'><strong>leminis</strong></span> <span class='ocrx_word' id='word_1_200' title='bbox 1215 3325 1379 3390; x_wconf 82' lang='lat' dir='ltr'><strong>blanditus</strong></span> <span class='ocrx_word' id='word_1_201' title='bbox 1407 3332 1467 3400; x_wconf 89' lang='lat' dir='ltr'><strong>est,</strong></span> 
     </span>
     <span class='ocr_line' id='line_1_29' title="bbox 235 3423 1469 3510; baseline -0.002 -20"><span class='ocrx_word' id='word_1_202' title='bbox 235 3444 295 3490; x_wconf 90' lang='lat' dir='ltr'><strong>seu</strong></span> <span class='ocrx_word' id='word_1_203' title='bbox 309 3424 487 3502; x_wconf 82' lang='lat' dir='ltr'><strong>maledixit,</strong></span> <span class='ocrx_word' id='word_1_204' title='bbox 503 3429 588 3491; x_wconf 90' lang='lat' dir='ltr'><strong>circa</strong></span> <span class='ocrx_word' id='word_1_205' title='bbox 601 3425 741 3490; x_wconf 80' lang='lat' dir='ltr'><strong>feminas</strong></span> <span class='ocrx_word' id='word_1_206' title='bbox 754 3424 815 3488; x_wconf 81' lang='lat' dir='ltr'><strong>tuit</strong></span> <span class='ocrx_word' id='word_1_207' title='bbox 828 3431 1018 3509; x_wconf 87' lang='lat' dir='ltr'><strong>occupatus,</strong></span> <span class='ocrx_word' id='word_1_208' title='bbox 1036 3425 1090 3508; x_wconf 86' lang='lat' dir='ltr'><strong>qui</strong></span> <span class='ocrx_word' id='word_1_209' title='bbox 1104 3424 1264 3490; x_wconf 91' lang='lat' dir='ltr'><strong>muliebre</strong></span> <span class='ocrx_word' id='word_1_210' title='bbox 1279 3445 1383 3510; x_wconf 84' lang='lat' dir='ltr'><strong>genus</strong></span> <span class='ocrx_word' id='word_1_211' title='bbox 1396 3423 1469 3508; x_wconf 89' lang='lat' dir='ltr'><strong>plus</strong></span> 
     </span>
     <span class='ocr_line' id='line_1_30' title="bbox 236 3523 1468 3610; baseline -0.001 -22"><span class='ocrx_word' id='word_1_212' title='bbox 236 3545 334 3610; x_wconf 91' lang='lat' dir='ltr'><strong>quam</strong></span> <span class='ocrx_word' id='word_1_213' title='bbox 350 3525 518 3589; x_wconf 91' lang='lat' dir='ltr'><strong>mulierem</strong></span> <span class='ocrx_word' id='word_1_214' title='bbox 543 3543 640 3590; x_wconf 90' lang='lat' dir='ltr'><strong>unam</strong></span> <span class='ocrx_word' id='word_1_215' title='bbox 670 3524 723 3589; x_wconf 88' lang='lat' dir='ltr'><strong>vel</strong></span> <span class='ocrx_word' id='word_1_216' title='bbox 759 3523 853 3590; x_wconf 84' lang='lat' dir='ltr'><strong>aliern</strong></span> <span class='ocrx_word' id='word_1_217' title='bbox 893 3524 1017 3601; x_wconf 86' lang='lat' dir='ltr'><strong>dilexit,</strong></span> <span class='ocrx_word' id='word_1_218' title='bbox 1048 3530 1080 3589; x_wconf 89' lang='lat' dir='ltr'><strong>et</strong></span> <span class='ocrx_word' id='word_1_219' title='bbox 1099 3532 1134 3589; x_wconf 90' lang='lat' dir='ltr'><strong>nt</strong></span> <span class='ocrx_word' id='word_1_220' title='bbox 1159 3525 1268 3590; x_wconf 90' lang='lat' dir='ltr'><strong>omnia</strong></span> <span class='ocrx_word' id='word_1_221' title='bbox 1287 3544 1350 3589; x_wconf 92' lang='lat' dir='ltr'><strong>uno</strong></span> <span class='ocrx_word' id='word_1_222' title='bbox 1366 3524 1468 3588; x_wconf 83' lang='lat' dir='ltr'><strong>verbo</strong></span> 
     </span>
     <span class='ocr_line' id='line_1_31' title="bbox 238 3624 685 3690; baseline -0.007 0"><span class='ocrx_word' id='word_1_223' title='bbox 238 3625 343 3690; x_wconf 90' lang='lat' dir='ltr'><strong>dicam</strong></span> <span class='ocrx_word' id='word_1_224' title='bbox 359 3643 517 3690; x_wconf 84' lang='lat' dir='ltr'><strong>amorem</strong></span> <span class='ocrx_word' id='word_1_225' title='bbox 531 3624 663 3690; x_wconf 81' lang='lat' dir='ltr'><strong>amavit</strong></span> <span class='ocrx_word' id='word_1_226' title='bbox 679 3645 685 3687; x_wconf 92' lang='lat'>:</span> 
     </span>
    </p>
   </div>
   <div class='ocr_carea' id='block_1_8' title="bbox 403 3805 1256 4199">
    <p class='ocr_par' dir='ltr' id='par_1_14' title="bbox 403 3805 1256 4199">
     <span class='ocr_line' id='line_1_32' title="bbox 403 3805 1110 3875; baseline 0.001 -18"><span class='ocrx_word' id='word_1_227' title='bbox 403 3823 418 3858; x_wconf 91' lang='lat'>«</span> <span class='ocrx_word' id='word_1_228' title='bbox 440 3844 480 3859; x_wconf 88' lang='lat'><strong>...</strong></span> <span class='ocrx_word' id='word_1_229' title='bbox 503 3805 632 3860; x_wconf 74' lang='lat' dir='ltr'><strong>stultitiae</strong></span> <span class='ocrx_word' id='word_1_230' title='bbox 646 3806 749 3875; x_wconf 86' lang='lat' dir='ltr'><strong>profert</strong></span> <span class='ocrx_word' id='word_1_231' title='bbox 762 3805 893 3875; x_wconf 82' lang='lat' dir='ltr'><strong>stigmata</strong></span> <span class='ocrx_word' id='word_1_232' title='bbox 906 3807 1023 3875; x_wconf 86' lang='lat' dir='ltr'><strong>quisque</strong></span> <span class='ocrx_word' id='word_1_233' title='bbox 1036 3822 1110 3858; x_wconf 86' lang='lat' dir='ltr'><strong>suae:</strong></span> 
     </span>
     <span class='ocr_line' id='line_1_33' title="bbox 454 3885 1256 3958; baseline -0.004 -16"><span class='ocrx_word' id='word_1_234' title='bbox 454 3889 512 3943; x_wconf 87' lang='lat' dir='ltr'><strong>Hos</strong></span> <span class='ocrx_word' id='word_1_235' title='bbox 525 3889 570 3942; x_wconf 87' lang='lat' dir='ltr'><strong>vel</strong></span> <span class='ocrx_word' id='word_1_236' title='bbox 584 3887 696 3942; x_wconf 88' lang='lat' dir='ltr'><strong>honoris</strong></span> <span class='ocrx_word' id='word_1_237' title='bbox 713 3904 800 3951; x_wconf 93' lang='lat' dir='ltr'><strong>amor,</strong></span> <span class='ocrx_word' id='word_1_238' title='bbox 813 3889 858 3942; x_wconf 89' lang='lat' dir='ltr'><strong>vel</strong></span> <span class='ocrx_word' id='word_1_239' title='bbox 871 3904 948 3942; x_wconf 90' lang='lat' dir='ltr'><strong>amor</strong></span> <span class='ocrx_word' id='word_1_240' title='bbox 961 3887 1032 3941; x_wconf 87' lang='lat' dir='ltr'><strong>male</strong></span> <span class='ocrx_word' id='word_1_241' title='bbox 1046 3892 1173 3958; x_wconf 90' lang='lat' dir='ltr'><strong>torqueat</strong></span> <span class='ocrx_word' id='word_1_242' title='bbox 1185 3885 1256 3950; x_wconf 91' lang='lat' dir='ltr'><strong>auri,</strong></span> 
     </span>
     <span class='ocr_line' id='line_1_34' title="bbox 502 3971 1132 4041; baseline -0.003 -16"><span class='ocrx_word' id='word_1_243' title='bbox 502 3973 573 4025; x_wconf 90' lang='lat' dir='ltr'><strong>Dum</strong></span> <span class='ocrx_word' id='word_1_244' title='bbox 587 3988 630 4023; x_wconf 91' lang='lat' dir='ltr'><strong>me</strong></span> <span class='ocrx_word' id='word_1_245' title='bbox 644 3971 785 4040; x_wconf 88' lang='lat' dir='ltr'><strong>possideat</strong></span> <span class='ocrx_word' id='word_1_246' title='bbox 799 3987 908 4041; x_wconf 86' lang='lat' dir='ltr'><strong>semper</strong></span> <span class='ocrx_word' id='word_1_247' title='bbox 920 3972 1026 4026; x_wconf 82' lang='lat' dir='ltr'><strong>amoris</strong></span> <span class='ocrx_word' id='word_1_248' title='bbox 1042 3987 1132 4024; x_wconf 85' lang='lat' dir='ltr'><strong>amer.</strong></span> 
     </span>
     <span class='ocr_line' id='line_1_35' title="bbox 453 4053 1173 4124; baseline -0.001 -16"><span class='ocrx_word' id='word_1_249' title='bbox 453 4055 515 4108; x_wconf 91' lang='lat' dir='ltr'><strong>Non</strong></span> <span class='ocrx_word' id='word_1_250' title='bbox 528 4054 616 4111; x_wconf 84' lang='lat' dir='ltr'><strong>labor.</strong></span> <span class='ocrx_word' id='word_1_251' title='bbox 631 4059 679 4107; x_wconf 90' lang='lat' dir='ltr'><strong>aut</strong></span> <span class='ocrx_word' id='word_1_252' title='bbox 692 4058 760 4108; x_wconf 72' lang='lat' dir='ltr'><strong>aetas</strong></span> <span class='ocrx_word' id='word_1_253' title='bbox 773 4054 866 4108; x_wconf 89' lang='lat' dir='ltr'><strong>studio</strong></span> <span class='ocrx_word' id='word_1_254' title='bbox 881 4071 923 4107; x_wconf 91' lang='lat' dir='ltr'><strong>me</strong></span> <span class='ocrx_word' id='word_1_255' title='bbox 937 4053 1092 4124; x_wconf 85' lang='lat' dir='ltr'><strong>abjunxerit</strong></span> <span class='ocrx_word' id='word_1_256' title='bbox 1110 4053 1173 4116; x_wconf 91' lang='lat' dir='ltr'><strong>iste,</strong></span> 
     </span>
     <span class='ocr_line' id='line_1_36' title="bbox 503 4135 1203 4199; baseline 0 -9"><span class='ocrx_word' id='word_1_257' title='bbox 503 4138 569 4190; x_wconf 89' lang='lat' dir='ltr'><strong>Haec</strong></span> <span class='ocrx_word' id='word_1_258' title='bbox 580 4135 649 4199; x_wconf 88' lang='lat' dir='ltr'><strong>voti,</strong></span> <span class='ocrx_word' id='word_1_259' title='bbox 662 4136 722 4189; x_wconf 89' lang='lat' dir='ltr'><strong>baec</strong></span> <span class='ocrx_word' id='word_1_260' title='bbox 735 4135 798 4190; x_wconf 79' lang='lat' dir='ltr'><strong>vitae</strong></span> <span class='ocrx_word' id='word_1_261' title='bbox 812 4137 936 4190; x_wconf 89' lang='lat' dir='ltr'><strong>clausula</strong></span> <span class='ocrx_word' id='word_1_262' title='bbox 949 4153 1057 4190; x_wconf 88' lang='lat' dir='ltr'><strong>summa</strong></span> <span class='ocrx_word' id='word_1_263' title='bbox 1070 4153 1138 4190; x_wconf 88' lang='lat' dir='ltr'><strong>meae</strong></span> <span class='ocrx_word' id='word_1_264' title='bbox 1152 4153 1176 4190; x_wconf 82' lang='lat' dir='ltr'><strong>n.</strong></span> <span class='ocrx_word' id='word_1_265' title='bbox 1191 4136 1203 4176; x_wconf 80' lang='lat' dir='ltr'><strong>t</strong></span> 
     </span>
    </p>
   </div>
   <div class='ocr_carea' id='block_1_9' title="bbox 270 4407 1151 4797">
    <p class='ocr_par' dir='ltr' id='par_1_15' title="bbox 270 4407 938 4478">
     <span class='ocr_line' id='line_1_37' title="bbox 270 4407 938 4478; baseline 0.001 -15"><span class='ocrx_word' id='word_1_266' title='bbox 270 4407 281 4447; x_wconf 81' lang='lat'><strong>1</strong></span> <span class='ocrx_word' id='word_1_267' title='bbox 296 4409 345 4478; x_wconf 82' lang='lat' dir='ltr'><strong>Ep.</strong></span> <span class='ocrx_word' id='word_1_268' title='bbox 363 4410 411 4472; x_wconf 88' lang='lat' dir='ltr'><strong>lll,</strong></span> <span class='ocrx_word' id='word_1_269' title='bbox 425 4409 468 4471; x_wconf 75' lang='grc'><strong>13,</strong></span> <span class='ocrx_word' id='word_1_270' title='bbox 482 4409 510 4462; x_wconf 89' lang='lat' dir='ltr'><strong>in</strong></span> <span class='ocrx_word' id='word_1_271' title='bbox 524 4409 700 4464; x_wconf 90' lang='lat' dir='ltr'><strong>nebulonem.</strong></span> <span class='ocrx_word' id='word_1_272' title='bbox 714 4440 746 4450; x_wconf 95' lang='lat'>—</span> <span class='ocrx_word' id='word_1_273' title='bbox 765 4410 806 4465; x_wconf 84' lang='lat' dir='ltr'><strong>cf.</strong></span> <span class='ocrx_word' id='word_1_274' title='bbox 821 4412 881 4477; x_wconf 90' lang='lat' dir='ltr'><strong>VII,</strong></span> <span class='ocrx_word' id='word_1_275' title='bbox 895 4412 938 4466; x_wconf 90' lang='grc'><strong>35.</strong></span> 
     </span>
    </p>

    <p class='ocr_par' dir='ltr' id='par_1_16' title="bbox 270 4515 851 4586">
     <span class='ocr_line' id='line_1_38' title="bbox 270 4515 851 4586; baseline 0.005 -17"><span class='ocrx_word' id='word_1_276' title='bbox 270 4515 283 4554; x_wconf 79' lang='lat'>²</span> <span class='ocrx_word' id='word_1_277' title='bbox 296 4517 347 4586; x_wconf 86' lang='lat' dir='ltr'><strong>Ep.</strong></span> <span class='ocrx_word' id='word_1_278' title='bbox 361 4517 395 4580; x_wconf 92' lang='lat' dir='ltr'><strong>V,</strong></span> <span class='ocrx_word' id='word_1_279' title='bbox 412 4517 469 4580; x_wconf 93' lang='grc'>111,</span> <span class='ocrx_word' id='word_1_280' title='bbox 482 4517 510 4569; x_wconf 87' lang='lat' dir='ltr'><strong>in</strong></span> <span class='ocrx_word' id='word_1_281' title='bbox 525 4519 692 4572; x_wconf 80' lang='lat' dir='ltr'><strong>Frontonem</strong></span> <span class='ocrx_word' id='word_1_282' title='bbox 705 4517 851 4572; x_wconf 89' lang='lat' dir='ltr'><strong>medicum.</strong></span> 
     </span>
    </p>

    <p class='ocr_par' dir='ltr' id='par_1_17' title="bbox 272 4620 1151 4797">
     <span class='ocr_line' id='line_1_39' title="bbox 272 4620 1151 4691; baseline -0.002 -15"><span class='ocrx_word' id='word_1_283' title='bbox 272 4620 348 4691; x_wconf 78' lang='lat' dir='ltr'><strong>³llp.</strong></span> <span class='ocrx_word' id='word_1_284' title='bbox 363 4622 398 4685; x_wconf 90' lang='lat' dir='ltr'><strong>ll,</strong></span> <span class='ocrx_word' id='word_1_285' title='bbox 413 4622 464 4688; x_wconf 78' lang='lat'><strong>24;</strong></span> <span class='ocrx_word' id='word_1_286' title='bbox 479 4622 527 4686; x_wconf 94' lang='lat' dir='ltr'><strong>lll,</strong></span> <span class='ocrx_word' id='word_1_287' title='bbox 542 4623 584 4687; x_wconf 91' lang='grc'><strong>13,</strong></span> <span class='ocrx_word' id='word_1_288' title='bbox 596 4623 643 4690; x_wconf 75' lang='grc' dir='ltr'><strong>26ς</strong></span> <span class='ocrx_word' id='word_1_289' title='bbox 661 4623 707 4688; x_wconf 86' lang='lat' dir='ltr'><strong>IV,</strong></span> <span class='ocrx_word' id='word_1_290' title='bbox 721 4623 764 4687; x_wconf 87' lang='grc'><strong>31,</strong></span> <span class='ocrx_word' id='word_1_291' title='bbox 778 4624 824 4690; x_wconf 74' lang='lat'><strong>453</strong></span> <span class='ocrx_word' id='word_1_292' title='bbox 839 4625 874 4688; x_wconf 87' lang='lat' dir='ltr'><strong>V,</strong></span> <span class='ocrx_word' id='word_1_293' title='bbox 887 4625 934 4688; x_wconf 74' lang='lat'><strong>503</strong></span> <span class='ocrx_word' id='word_1_294' title='bbox 949 4624 1009 4687; x_wconf 88' lang='lat' dir='ltr'><strong>Vll,</strong></span> <span class='ocrx_word' id='word_1_295' title='bbox 1026 4623 1084 4687; x_wconf 91' lang='grc'>133,</span> <span class='ocrx_word' id='word_1_296' title='bbox 1099 4628 1151 4676; x_wconf 87' lang='lat' dir='ltr'><strong>cte.</strong></span> 
     </span>
     <span class='ocr_line' id='line_1_40' title="bbox 275 4725 471 4797; baseline -0.01 -17"><span class='ocrx_word' id='word_1_297' title='bbox 275 4725 286 4766; x_wconf 71' lang='grc'>1</span> <span class='ocrx_word' id='word_1_298' title='bbox 302 4726 352 4797; x_wconf 86' lang='lat' dir='ltr'><strong>Ep.</strong></span> <span class='ocrx_word' id='word_1_299' title='bbox 367 4728 415 4790; x_wconf 89' lang='lat'><strong>111,</strong></span> <span class='ocrx_word' id='word_1_300' title='bbox 429 4727 471 4782; x_wconf 80' lang='lat'><strong>65.</strong></span> 
     </span>
    </p>
   </div>
   <div class='ocr_carea' id='block_1_10' title="bbox 0 0 1819 5442">
    <p class='ocr_par' dir='ltr' id='par_1_18' title="bbox 0 0 1819 5442">
     <span class='ocr_line' id='line_1_41' title="bbox 0 0 1819 5442; baseline 0 0"><span class='ocrx_word' id='word_1_301' title='bbox 0 0 1819 5442; x_wconf 95' lang='lat' dir='ltr'><strong> </strong></span> 
     </span>
    </p>
   </div>
  </div>
 </body>
</html>
