3614 5442
964 521 1078 576 -2..

404 743 541 806 quornm
551 720 767 807 (utfatetur1l,
779 739 845 786 non
859 721 990 785 omnino
1002 741 1096 786 usum
1107 721 1319 790 dedidicerat.
1330 761 1372 771 -
1381 726 1506 810 ltaque,
1519 733 1553 792 ut
1562 729 1635 807 ait,²

403 820 530 884 animus
552 819 582 884 ei
603 825 745 884 mentem
767 817 908 892 exacuit,
927 837 1019 882 mens
1041 837 1184 896 manum,
1201 839 1316 885 manus
1329 824 1462 907 stylum,
1483 845 1546 892 nec
1564 827 1636 894 iere

402 925 517 1003 postea
531 917 666 992 destitit,
677 918 705 981 si
719 936 782 1000 qna
796 936 831 982 se
846 916 1011 1000 praebebat
1025 917 1166 982 interdiu
1181 925 1254 1002 apta
1269 923 1433 999 materies,
1450 941 1520 988 eam
1536 933 1636 992 noctu

403 1016 553 1082 versibus
567 1015 776 1081 concludere.

443 1115 518 1181 Tria
543 1121 619 1180 sunt
647 1114 679 1179 in
710 1113 772 1180 hac
797 1113 1042 1179 narratiuncula
1068 1135 1140 1198 quae
1166 1115 1244 1180 mihi
1271 1119 1547 1201 praetermittenda
1569 1143 1635 1188 non

402 1212 564 1279 videntur.
581 1215 692 1280 Primo
705 1212 985 1279 adolescentulum
1007 1213 1105 1278 laudo
1128 1220 1261 1298 propter
1281 1216 1442 1282 insuetam
1462 1227 1495 1284 et
1506 1221 1634 1305 Jamdiu

402 1315 581 1380 obsoletam
609 1317 766 1398 magistro
794 1313 1051 1398 obsequentiam.
1076 1315 1159 1378 Dein
1190 1317 1381 1399 magistrum
1408 1318 1553 1385 admiror
1579 1324 1633 1406 qui

401 1415 571 1480 materiam
585 1413 741 1478 iaciendis
759 1413 908 1478 versibus
927 1413 1025 1478 talem
1047 1418 1136 1478 tanta
1154 1416 1252 1479 animi
1275 1419 1456 1484 constantia
1482 1420 1631 1506 elegerit.

400 1515 547 1598 Denique
560 1515 593 1578 id
607 1534 659 1578 me
676 1514 781 1598 jurat,
798 1513 829 1576 id
843 1513 934 1578 cordi
948 1519 997 1578 est
1014 1512 1176 1578 hominem
1193 1533 1337 1599 gravem,
1358 1524 1494 1584 maturae
1515 1523 1630 1599 aetatis,

395 1613 535 1698 juvenili
571 1613 709 1696 quadam
733 1611 951 1676 'aeniulatione
979 1602 1030 1676 'ita
1061 1613 1228 1677 incitatum
1260 1634 1332 1679 esse
1363 1621 1399 1681 ut
1429 1617 1631 1686 scholasticis

401 1712 524 1776 artibus
537 1718 603 1802 tota
618 1730 717 1796 opera
729 1730 844 1775 rursus
858 1710 1053 1775 incubuerit.

439 1811 542 1894 Finge
585 1816 705 1884 autem,
742 1816 837 1874 aetate
880 1816 1001 1886 nostra,
1038 1811 1263 1894 Pasquierium
1297 1833 1418 1878 novum
1456 1819 1625 1897 exsistere,

398 1909 595 1974 causidicum
626 1907 921 1994 occupatissimum,
949 1909 1175 1992 gravissimum
1202 1909 1360 1995 judicem,
1393 1913 1446 1996 qui
1475 1915 1624 1998 quicquid

397 2009 554 2092 temporis
569 2007 622 2072 vol
636 2008 741 2072 causis
756 2005 902 2091 agendis,
914 2006 968 2070 rel
984 2007 1178 2074 exercendis
1188 2007 1321 2092 judiciis
1336 2011 1501 2095 subripere
1515 2018 1617 2094 queat,

397 2106 429 2172 id
457 2126 554 2171 omne
580 2105 758 2170 scribendis
784 2106 935 2170 versibus
963 2104 1069 2170 latinis
1093 2105 1243 2171 collocet.
1269 2108 1347 2183 Quis
1372 2111 1472 2173 risum
1493 2111 1623 2175 teneatl

399 2206 477 2281 Quis
496 2225 561 2269 non
584 2204 683 2290 digito
704 2211 865 2270 monstret
881 2204 988 2268 virum
1010 2209 1134 2268 tantum
1157 2206 1291 2270 tantulis
1312 2209 1411 2290 nugis
1435 2208 1624 2273 vacantem?

398 2305 516 2370 Senem
542 2311 632 2369 corte
653 2310 766 2388 putent
785 2323 898 2368 omnes
922 2304 1149 2388 repubescere,
1175 2324 1315 2390 eumque
1337 2306 1378 2370 ad
1402 2307 1625 2392 paedagogium

395 2405 574 2468 remittant.
589 2439 630 2450 -
645 2403 739 2467 Mens
760 2402 858 2486 longe
877 2401 939 2466 alia
961 2402 1022 2466 fuit
1045 2401 1085 2466 de
1107 2402 1197 2467 hisco
1220 2403 1320 2468 rebus
1335 2410 1367 2468 et
1389 2405 1581 2489 Pasquierio
1595 2412 1628 2471 et

395 2504 560 2588 plerisque
575 2502 753 2587 Pasquierii
769 2501 958 2584 aequalibus.
970 2503 1060 2566 Tunc
1073 2502 1228 2585 temporis
1244 2503 1327 2566 enim
1342 2502 1442 2586 vulgo
1453 2505 1629 2588 putabatur

396 2601 502 2666 studia
516 2602 621 2665 omnis
634 2603 776 2685 generis,
792 2600 847 2665 vel
862 2600 1074 2664 minutissima
1092 2607 1124 2664 et
1143 2620 1235 2684 paene
1256 2601 1404 2684 puerilia,
1421 2603 1628 2686 amplissimis

394 2702 472 2765 viris
496 2702 684 2778 convenire,
708 2719 814 2782 neque
838 2699 985 2764 senatori
1005 2698 1195 2764 indecorum
1219 2717 1290 2764 esse
1313 2719 1430 2764 versus
1451 2700 1570 2766 latinos
1593 2705 1627 2766 in

394 2800 499 2864 lucem
525 2799 713 2885 protulisset
733 2796 828 2874 Quod
853 2799 881 2862 si
906 2799 1078 2880 aequalium
1105 2817 1191 2862 unus
1218 2805 1273 2863 aut
1302 2799 1392 2864 alter·
1414 2820 1432 2864 a
1463 2819 1625 2865 consensu

394 2899 609 2983 discrepuerit
631 2899 655 2978 ³,
680 2918 756 2963 mox
785 2897 1018 2962 monstrabitur·
1045 2904 1077 2962 et
1100 2899 1178 2961 istas
1208 2899 1481 2982 reprehensiones
1496 2906 1626 2982 poetam

392 2999 500 3083 potius
524 3018 621 3082 quam
640 2999 743 3080 ipsam
765 2998 890 3081 poesim
909 2997 1067 3082 attigisse,
1089 3002 1121 3060 ot
1138 2997 1365 3081 Pasquierium
1383 2998 1480 3063 facilc
1497 2999 1624 3063 illatum

393 3097 515 3161 crimen
532 3095 664 3161 diluisse
678 3096 704 3160 ⁴.

423 3402 433 3438 1
449 3401 633 3470 Epig.11,97.

638 3531 653 3566 «
672 3512 793 3567 Plurima
806 3527 857 3566 nos
872 3528 905 3565 cx
919 3511 962 3564 his
972 3511 1089 3581 juvenili
1104 3512 1267 3581 scripsimus
1282 3528 1351 3576 aevo,

736 3595 935 3662 Edidimusque
949 3610 1047 3660 senes;
1062 3611 1128 3647 num
1139 3593 1263 3664 juvenile
1277 3594 1366 3662 magis
1382 3589 1420 3648 »1

423 3741 453 3750 -
469 3711 510 3766 cf.
527 3712 633 3764 Lettres
651 3711 723 3772 VIII,
738 3709 760 3774 l,
773 3713 794 3762 t.
810 3711 845 3772 ll,
860 3727 887 3778 p.
903 3709 960 3763 197.

421 3817 563 3880 ²Lettres,
578 3817 624 3871 liv.
640 3819 712 3880 Vlll,
726 3818 749 3879 l,
763 3822 783 3868 t.
798 3818 833 3879 ll,
848 3834 875 3885 p.
892 3816 948 3870 198.
963 3833 977 3867 «
993 3819 1029 3870 Le
1051 3832 1127 3869 coeur
1144 3815 1250 3884 aiguise
1264 3832 1328 3869 mon
1338 3815 1434 3884 esprit,
1454 3816 1560 3886 l'esprit
1578 3833 1621 3869 ma

390 3899 473 3962 main,
488 3900 515 3952 la
533 3901 606 3952 main
620 3916 663 3952 ma
677 3899 771 3968 plume
785 3915 808 3950 ».

421 4005 433 4048 3
447 4009 522 4060 luter
535 4023 604 4076 quos
618 4007 692 4060 latiae
706 4021 823 4076 poeseos
837 4009 1041 4074 contemptores
1054 4003 1172 4074 primum
1187 4003 1292 4058 obtinet
1305 4003 1396 4057 locum
1412 4006 1442 4057 P.
1458 4005 1621 4061 Ronsardns

388 4090 435 4159 qui
457 4089 490 4142 de
512 4089 606 4142 latinis
620 4091 710 4158 poetis
727 4087 927 4141 recentioribus
950 4087 1009 4140 haec
1024 4087 1172 4156 scripsit«.
1186 4127 1191 4138 .
1205 4102 1340 4140 .recousu
1355 4093 1383 4140 et
1395 4088 1526 4142 rahobind
1540 4086 1570 4158 je
1584 4104 1620 4140 ne

387 4172 459 4238 scais
474 4172 701 4241 quellesvieilles
714 4171 912 4241 repetassories
926 4171 960 4224 de
982 4170 1086 4240 Virgile
1113 4176 1140 4222 et
1165 4170 1199 4222 de
1224 4169 1319 4224 Cicero
1338 4183 1363 4222 ».·
1390 4171 1511 4236 (Preface
1534 4171 1567 4223 de
1592 4170 1621 4223 la

387 4255 555 4322 Franciade).

409 4369 449 4380 ⁴-
461 4338 502 4392 Cf.
513 4339 527 4392 J
531 4337 608 4391 oach.
623 4337 659 4390 du
675 4337 779 4406 Bellay.
791 4354 805 4389 «
817 4337 944 4390 Delience
955 4342 982 4390 et
991 4335 1169 4390 illustration.
1180 4335 1238 4389 Liv.
1249 4337 1269 4389 1.
1281 4334 1359 4404 chap.
1370 4335 1409 4388 111
1420 4351 1443 4387 ›>.
1454 4365 1486 4373 —
1501 4335 1622 4388 Patroci-

385 4422 461 4473 nium
480 4426 575 4474 contra
587 4421 735 4473 latinorum
750 4421 901 4472 carminum
916 4421 1039 4489 suscepit
1051 4419 1135 4474 Mich.
1148 4416 1300 4487 Hospitalis
1313 4417 1342 4468 in
1359 4423 1485 4486 poemate
1499 4418 1619 4486 quodam

385 4501 418 4554 ad
427 4503 452 4555 1.
467 4501 614 4556 Morellum
625 4503 727 4572 scripto
743 4503 777 4570 (v.
792 4503 830 4555 M.
846 4501 879 4554 de
893 4501 1034 4571 l'Hdpital.
1050 4504 1180 4556 OEuvres
1191 4499 1263 4558 Edit.
1275 4499 1349 4563 1825,
1358 4505 1379 4550 t.
1390 4501 1437 4562 lli,
1447 4499 1529 4568 epist.
1540 4500 1620 4564 XIX,

385 4601 431 4653 pp.
448 4584 578 4651 185-190).

417 4691 429 4730 t
447 4693 486 4743 De
500 4691 648 4744 latinorum
662 4708 793 4745 versuum
808 4691 916 4753 utilate,
930 4691 985 4744 vid.
1008 4692 1037 4744 L.
1055 4689 1178 4758 Feugere
1204 4706 1219 4740 «
1232 4689 1283 4744 Vie
1300 4689 1386 4742 d’llst.
1402 4689 1544 4755 Pasquier,
1559 4694 1579 4740 t.
1595 4689 1618 4752 l,

384 4777 410 4840 p.
427 4774 472 4826 131
489 4775 529 4838 (F.
546 4774 638 4837 Didot,
652 4773 735 4839 1849).
752 4804 782 4814 -
796 4772 892 4827 Varias
906 4773 940 4825 de
953 4772 1005 4825 hac
1018 4789 1046 4824 re
1061 4772 1205 4841 opiniones
1215 4771 1327 4840 collegit
1338 4773 1372 4824 A.
1383 4771 1470 4823 Fabre
1483 4769 1512 4821 in
1525 4769 1618 4823 thesi:

383 4871 397 4906 <‹
413 4855 452 4907 De
466 4852 560 4909 latinis
575 4855 708 4909 Flecherii
723 4855 927 4919 carminibus»,
942 4855 1016 4919 1870,
1034 4871 1081 4924 pp.
1093 4853 1181 4908 97-98.
