3614 5442
878 446 1008 503 „58-

332 652 396 726 eie,
407 648 643 723 Pirisiorum
655 646 789 723 31313313,
801 645 870 723 ciii,
880 643 971 710 nullo
979 644 1056 730 jure
1071 663 1141 721 suo,
1155 643 1186 708 in
1195 643 1345 708 versibus
1360 642 1523 708 collocare
1534 645 1559 704 ¹.

332 749 395 822 eui
410 767 541 812 errores
556 767 622 811 non
643 747 822 830 ignorantis
837 751 922 823 sunt,
940 743 1498 828 313311331331133313133111133113,
1530 750 1562 808 31

331 847 464 910 nimium
475 846 535 910 sibi
551 844 755 922 confidentis,
772 847 827 928 qui
840 863 954 908 versus
970 842 1269 927 conficitprosodiae
1279 844 1435 938 memoria
1443 842 1559 918 fretus,

331 965 393 1010 nec
405 945 534 1010 assidue
550 969 568 1005 «
585 945 786 1010 Thesauri»
800 944 854 1008 vel
872 967 891 1004 «
912 943 1051 1010 Gradus
1067 966 1084 1002 »
1098 943 1232 1026 paginas
1254 941 1428 1008 revolvere
1450 941 1563 1026 digna-

329 1052 395 1110 tur.
1477 1075 1480 1082 ·

373 1159 466 1234 Quod
481 1160 507 1224 si
522 1158 607 1225 hanc
619 1158 784 1224 licentiam
800 1157 861 1224 sibi
875 1164 1008 1242 arrogat
1023 1177 1095 1240 quae
1108 1157 1193 1241 apud
1218 1157 1370 1220 metricos
1394 1154 1563 1240 «819333-

332 1259 494 1324 113333133»
521 1265 668 1336 vocatur,
693 1262 789 1323 venia
817 1279 882 1323 nou
910 1256 1063 1341 indignus
1091 1265 1151 1334 est,
1182 1256 1298 1340 quippe
1325 1256 1358 1318 in
1388 1252 1443 1318 illa
1472 1259 1564 1336 parte

332 1358 558 1424 Grammatieae
574 1357 779 1422 celeberrimi
801 1356 1005 1442 Despauterii
1028 1376 1099 1438 qnae
1122 1354 1162 1418 de
1185 1360 1254 1418 arte
1277 1353 1412 1417 metrica
1433 1356 1562 1428 tractat,

332 1457 418 1522 hunc
429 1475 560 1522 versum
579 1457 693 1541 legere
709 1463 758 1522 est
774 1459 827 1540 qui
840 1455 939 1520 talem
953 1454 1117 1519 licentiam
1132 1455 1320 1538 permittere
1334 1451 1481 1516 videtur:

545 1672 560 1707 «
575 1655 763 1709 Grammaticus
777 1655 855 1724 leges
868 1655 1029 1723 plerumque
1043 1654 1170 1706 Ecclesia
1185 1653 1290 1724 spernit
1303 1651 1350 1704 »st

373 1821 642 1905 Reprehensione
677 1821 779 1886 multo
803 1820 931 1905 dignior
966 1827 1016 1884 est
1039 1820 1247 1903 Pasqnierius
1283 1817 1412 1901 quando
1449 1834 1565 1880 versus

333 1939 472 1985 canoros
486 1939 600 2006 parum
614 1941 652 1986 ac
668 1920 780 1986 dulces
796 1922 902 1998 mittit,
920 1921 990 1984 sive
1004 1920 1045 1984 ob
1056 1939 1204 2005 asperam
1220 1919 1381 1982 vocalium
1395 1917 1563 1980 elisionem

332 2019 431 2084 hiulci
457 2020 577 2104 aliquid
591 2021 742 2097 habeant,
763 2022 832 2085 sive
847 2040 960 2085 rursus
983 2020 1141 2084 salebrosi
1161 2017 1279 2100 aliquid
1302 2021 1435 2100 propter
1456 2014 1566 2078 durie-

332 2140 402 2184 rem
419 2122 666 2186 consonantium
681 2140 887 2186 concursum.
907 2121 1007 2205 Cujus
1034 2121 1103 2184 vitii
1122 2118 1271 2201 exernpla
1299 2117 1380 2180 adeo
1402 2117 1435 2178 in
1451 2116 1566 2179 carmi·

333 2219 427 2283 nibus
459 2221 639 2284 scaturiunt
674 2226 708 2284 ut
743 2219 868 2304 singula
905 2221 955 2284 rei
988 2215 1107 2283 afferre
1140 2216 1258 2281 indicia
1286 2233 1565 2299 supervacaneum

333 2320 525 2401 putaverim.

376 2431 499 2506 Quibus
525 2432 725 2516 potissimum
751 2433 870 2497 metris
898 2438 1007 2496 utatur
1030 2433 1259 2515 Pasqnierius‚
1285 2449 1348 2513 qua
1371 2430 1498 2492 ratione
1527 2447 1567 2491 33

334 2532 419 2593 inter
434 2548 470 2593 se
492 2535 674 2612 componat,
696 2539 847 2594 accurate
867 2530 944 2594 33113
967 2531 1240 2614 introspexeram.
1266 2526 1329 2593 Sed
1352 2529 1436 2592 hanc
1458 2527 1566 2610 operis

333 2634 469 2710 partem,
488 2627 652 2691 utaridam
670 2629 766 2692 nimis
780 2648 841 2692 nec
855 2629 1019 2711 proposito
1039 2627 1270 2703 necessariam,
1289 2626 1436 2691 recidero
1466 2625 1567 2689 satius

335 2726 443 2790 habui.
470 2726 555 2800 euin
577 2727 662 2792 enim
687 2727 824 2791 interest
845 2746 978 2811 operam
993 2726 1082 2810 lengi
1109 2726 1229 2790 laboris
1247 2727 1418 2790 instituere
1432 2725 1472 2789 de
1500 2731 1565 2787 tam

334 2825 425 2892 tenui
447 2845 556 2910 opere,
583 2834 648 2891 tam
671 2827 760 2891 tenni
779 2825 939 2891 auctorat
958 2824 1104 2890 Sufficiat
1126 2825 1178 2889 hic
1201 2825 1419 2908 indagationis
1444 2831 1566 2888 nestrae

335 2944 492 2990 summam
508 2927 619 3010 paucis
632 2927 847 2991 contraxisse.

378 3049 450 3113 Non
476 3069 592 3133 magna
611 3057 788 3116 metrorum
812 3052 972 3114 varietate
1000 3069 1077 3113 usus
1102 3053 1151 3112 ost
1175 3047 1394 3130 Pasqnierius.
1412 3046 1567 3116 Disticha

336 3149 528 3233 plerumque
543 3149 685 3224 adhibet,
702 3156 813 3233 postea
829 3146 1142 3231 Heedecosptlohos
1157 3167 1214 3210 seu
1235 3147 1424 3212 Pholemeos
1451 3145 1567 3228 quibus

334 3247 472 3311 licenter
485 3249 600 3326 utitur;
619 3267 683 3312 nen
699 3247 816 3312 desunt
829 3247 980 3312 Iornhici
990 3266 1118 3321 versae,
1149 3249 1277 3328 sumpta
1296 3264 1399 3327 usque
1422 3243 1565 3315 licentia,

336 3345 453 3429 quippe
468 3345 713 3430 pnreslemhos
728 3365 863 3430 perraro
880 3347 1041 3409 invenias.
1066 3345 1169 3408 Parce
1189 3351 1324 3426 usurpat
1337 3345 1568 3407 Hemometros

335 3443 425 3505 nullo
440 3443 502 3506 alio
517 3464 654 3508 numero
668 3446 915 3510 contaminatos.
933 3444 1042 3509 Semel
1055 3443 1268 3510 Senzoeihus
1285 3462 1361 3506 usus
1371 3447 1439 3520 est;
1461 3441 1568 3504 Hexa-

336 3549 458 3607 metros
474 3541 576 3606 semel
589 3562 662 3607 cum
677 3543 739 3607 alie
754 3549 858 3606 metro
874 3543 1083 3607 consociavit.

378 3657 414 3721 ld
436 3659 538 3741 magis
556 3659 713 3722 memoria
736 3658 868 3739 dignum
891 3656 1022 3720 videtur
1044 3656 1282 3738 Pasqnierium‚
1306 3653 1381 3718 dum
1405 3655 1584 3738 componit*

337 3757 493 3832 carmina,
513 3774 577 3819 nen
598 3775 748 3820 severam
772 3753 974 3839 disciplinam
998 3753 1195 3829 servavisse,
1212 3755 1300 3836 lepos
1322 3753 1485 3818 metricus
1502 3771 1567 3814 non

338 3856 493 3938 religiose
507 3861 653 3920 secutum
669 3875 762 3934 esse;
786 3854 845 3919 sed
867 3874 997 3919 emnem
1025 3854 1095 3918 fere
1116 3853 1291 3926 licentiam,
1320 3871 1380 3915 nee
1395 3851 1567 3935 pudenter,

337 3953 394 4017 sibi
409 3955 595 4037 sumpsisse.
615 3954 709 4028 Quod
724 3960 917 4037 argumento
936 3959 985 4016 331
1001 3959 1147 4016 nostrum
1162 3958 1198 4014 ut
1220 3951 1251 4012 in
1275 3948 1459 4025 scribendo,
1479 3949 1523 4012 ita
1536 3949 1567 4011 in

337 4051 643 4131 versificand0‚nen
658 4057 724 4116 tam
748 4052 878 4116 latinam
907 4054 1030 4134 poesim
1053 4049 1242 4133 prolitentes
1266 4047 1453 4111 aemulatum
1482 4064 1567 4122 3333,

337 4171 432 4235 qnam
454 4150 560 4215 locum
590 4151 649 4214 sibi
671 4152 757 4215 inter
782 4149 1003 4234 intelligentes
1026 4157 1058 4212 31
1085 4146 1248 4212 studiosos
1284 4146 1404 4211 13133133
1427 4162 1568 4226 poeseos

338 4253 510 4315 amotores
525 4249 726 4333 quaesivisse.

380 4366 460 4442 Quae
475 4367 664 4451 Pasqnierio
678 4365 809 4449 propria
825 4370 857 4428 et
866 4363 956 4448 justa
971 4361 1042 4427 laus
1057 4368 1117 4426 est.

375 4671 384 4708 ¹
404 4671 499 4740 Epigr.
510 4672 558 4734 111,
570 4671 604 4726 311
617 4685 622 4722 :
637 4668 730 4738 Duple
744 4682 793 4738 pre
807 4666 909 4736 Ditplo.
924 4697 955 4704 -
969 4665 1062 4734 Epigr.
1079 4665 1100 4728 1,
1115 4663 1165 4718 53:
1180 4662 1292 4715 «Vidus
1304 4662 1388 4726 11133,
1403 4679 1451 4733 pre
1465 4663 1545 4716 eheu.

372 4779 384 4817 ²
403 4777 572 4848 Despautere
586 4776 679 4847 [Apud
694 4777 807 4830 Vissac:
823 4773 920 4828 Peisie
933 4772 1017 4826 latine
1030 4788 1063 4824 eu
1078 4774 1191 4825 Franco.
1202 4810 1207 4822 .
1218 4811 1224 4823 .
1234 4771 1258 4840 ‚J
