3614 5442
815 499 945 556 -29..

301 697 467 782 Siopolos
482 697 663 763 domatum
673 697 916 781 ordt'nes,quos
925 703 1035 762 tamen
1045 697 1191 762 satiricos
1203 701 1315 783 poetas
1324 697 1495 783 increpare

260 797 414 861 usitatum
433 802 515 874 erat,
534 796 754 862 festivioribus
777 796 903 861 facetiis
926 816 1022 881 quam
1046 796 1251 862 contumeliis
1273 796 1495 862 acerbioribus

260 897 471 980 Pasquierius
486 895 696 980 praestringit.

301 993 509 1060 Publicanos
523 999 625 1070 certe,
642 999 767 1078 pestem
781 991 970 1077 reipublicae
984 992 1142 1071 adactam,
1160 993 1265 1058 bonus
1279 993 1359 1058 civis
1368 992 1492 1059 oderat.

259 1093 337 1158 11133
352 1093 483 1178 obliquo
496 1095 562 1158 ictu
578 1112 616 1158 ac
630 1111 690 1177 per
703 1091 840 1157 ironiam
856 1093 935 1177 petit
951 1090 1079 1175 quando
1097 1093 1245 1170 mirmur,
1262 1093 1317 1157 vel
1329 1094 1442 1157 mirari
1459 1111 1495 1158 33

259 1192 364 1276 fingit,
397 1213 498 1257 unum
529 1212 572 1258 ex
602 1191 666 1257 illis
694 1191 857 1256 exstitisse
884 1192 939 1274 qui
965 1189 1085 1256 famam
1113 1190 1208 1275 probi
1243 1191 1306 1256 viri
1341 1190 1495 1257 affectare
1567 1219 1572 1226 ·

260 1303 450 1366 sustinuerit
462 1319 470 1366 :

540 1449 555 1485 u
574 1431 645 1486 Fisci
658 1429 806 1502 praeficeris
819 1429 984 1493 rationibus,
998 1435 1080 1500 atquo
1094 1428 1191 1493 videri,

638 1513 687 1569 Vis
700 1514 814 1583 probus.
830 1513 852 1568 Ο
867 1519 1008 1582 quantam,
1024 1513 1169 1584 Dindyma,
1184 1528 1242 1566 rem
1254 1513 1339 1568 lacios
1354 1514 1360 1567 1
1376 1509 1411 1566 31

301 1649 509 1733 Astrolopco,
526 1648 763 1714 Chiromanciae
777 1646 914 1724 deditos,
931 1647 1079 1713 fatidicos
1099 1650 1204 1713 omnis
1218 1650 1361 1734 generis,
1381 1657 1495 1716 contra

260 1748 443 1832 opinionem
460 1747 631 1832 aequalium
646 1747 834 1824 contemnit,
853 1765 1035 1832 eorumque
1057 1747 1240 1812 simulatam
1264 1754 1367 1813 artem
1391 1748 1495 1815 libere

259 1847 375 1912 irridet
384 1849 410 1912 ¹.
423 1846 531 1912 Semel
540 1866 668 1912 arcanae
678 1847 848 1911 sententiae
857 1847 940 1911 vatis
950 1846 1118 1932 cujusdam
1128 1868 1163 1913 se
1178 1847 1315 1914 credere
1325 1850 1493 1930 mentitur,

260 1967 324 2030 quo
339 1946 456 2012 melius
471 1946 558 2012 istud
571 1946 739 2012 hominum
754 1964 859 2030 genus
873 1944 1079 2011 ludificetur:
1138 1951 1142 1958 '

506 2111 521 2146 a
537 2095 648 2148 Dixerat
661 2093 820 2163 astrologus
835 2093 922 2147 Paulo
936 2093 1084 2146 succedere
1098 2101 1207 2157 cuncta,

605 2177 645 2231 Ex
656 2182 733 2240 voto,
747 2181 775 2230 et
786 2191 850 2231 vere
864 2175 969 2229 dixerat
980 2176 1138 2245 astrologus
1149 2192 1155 2229 :

540 2259 651 2330 Dcpcrit
664 2258 797 2326 astrologi
812 2274 923 2311 uxorem
938 2258 1052 2321 Paulus,
1067 2258 1213 2328 subigatne

605 2343 717 2404 Nescio,
732 2340 782 2393 sed
795 2341 853 2394 scio
867 2340 933 2410 quid
946 2340 1046 2394 dixerit
1058 2341 1235 2411 Astrologus.
1251 2357 1266 2394 t>
1280 2341 1292 2381 ³

300 2472 571 2558 Ludebatoplslris
614 2474 685 2538 lere
721 2475 825 2558 parcit
853 2474 1074 2557 Pasquierius,
1111 2493 1192 2557 quos
1229 2472 1283 2538 alii
1320 2476 1495 2561 scriptores

259 2573 405 2659 ejusdem
420 2573 543 2652 saeculi,
560 2592 622 2638 nec
645 2573 818 2647 immerite,
844 2572 970 2637 acerbis
993 2571 1199 2637 contumeliis
1229 2572 1492 2640 mulctaverunt:

258 2675 337 2739 satis
365 2672 478 2737 habuit
500 2692 556 2737 333
583 2670 689 2736 facete
716 2672 864 2756 Regibus
891 2690 1096 2756 comparare,
1126 2691 1241 2737 eorum
1270 2672 1493 2757 supercilium,

258 2773 479 2858 asperitatem,
495 2772 715 2856 arrogantiam
731 2789 858 2835 arnoena
873 2772 999 2855 pictura
1012 2770 1160 2834 referre:

473 2935 487 2969 <t
509 2956 583 2970 .....
604 2915 721 2971 Sublimi
735 2915 805 2970 solio
819 2921 958 2986 sceptrum
972 2915 1099 2985 gestatis,
1114 2921 1141 2969 et
1155 2917 1229 2969 omni

670 3001 722 3053 Pro
736 3006 805 3052 nutu
821 2999 924 3069 populo
937 2999 1026 3066 Regia
1035 2998 1100 3067 jura
1112 2997 1197 3051 datis.
1207 3038 1229 3052 ..

604 3083 631 3136 13
644 3082 723 3135 sedet
736 3083 764 3134 in
778 3081 916 3144 cathedra,
932 3081 1135 3150 castigatorque
1145 3081 1270 3150 juventae

669 3165 790 3218 Verbera
803 3179 852 3233 pro
866 3168 976 3232 sceptro
989 3168 1081 3231 gestat
1094 3162 1191 3216 acerba
1205 3177 1297 3215 manu.

525 3286 581 3298 ....
605 3245 678 3308 Quin
693 3260 709 3298 3
724 3245 862 3314 magnifici
875 3245 994 3314 palmam
1008 3243 1149 3298 concedite
1162 3245 1261 3313 Reges.

669 3329 751 3382 illum
764 3327 857 3381 nescio
872 3328 946 3398 quod
958 3328 1091 3397 grandius
1105 3333 1185 3381 ornat
1198 3343 1285 3398 opus:

604 3412 657 3474 Qui
670 3411 835 3481 negitatque
849 3411 929 3464 docet
941 3410 1080 3480 dictatque
1092 3411 1233 3474 beatuluS,
1247 3411 1295 3463 ille
1308 3415 1351 3464 est

669 3494 728 3548 Rex
742 3499 770 3546 et
783 3493 898 3546 dictator
912 3492 1162 3563 grammaticusque
1176 3493 1260 3546 simul
1274 3493 1279 3546 !
1294 3510 1308 3545 t>
1322 3493 1334 3532 ⁴

299 3627 451 3694 Clericos
465 3633 498 3691 et
510 3627 699 3692 Moaccltos
712 3625 789 3689 hinc
803 3624 878 3689 inde
887 3627 967 3709 petit
976 3625 1199 3709 Pasquierius,
1212 3624 1386 3709 religiosus
1396 3623 1493 3687 homo

256 3747 294 3792 ac
307 3725 383 3791 fidei
397 3727 583 3792 christianae
597 3724 735 3801 deditus,
751 3726 876 3789 nonita
893 3731 1003 3789 133333
1023 3731 1059 3788 31
1081 3743 1139 3788 sua
1154 3726 1184 3788 ei
1206 3726 1309 3807 pietas
1334 3721 1493 3787 Ecclesiae

254 3828 333 3891 vitia
348 3825 482 3903 celaret,
496 3826 611 3889 mentis
626 3824 811 3889 libertatern
827 3823 957 3888 tolleret
972 3830 1006 3887 et
1019 3823 1197 3907 antiquitus
1210 3842 1230 3888 a
1245 3821 1378 3888 Gallicis
1387 3821 1492 3906 poetis

255 3928 409 3992 usitatum
423 3924 615 3990 facetiarum
630 3923 755 3988 iontem
773 3922 972 3989 occluderet.
995 3923 1111 3987 Nonne
1133 3919 1242 4005 lepide
1265 3921 1369 4005 pingit
1389 3919 1493 3984 ambi-

254 4026 373 4090 tiosum
400 4023 556 4089 clericum
583 4024 637 4106 qui
666 4042 732 4087 non
758 4023 912 4087 amissum
945 4023 1083 4097 amicum
1116 4019 1218 4103 luget,
1248 4018 1306 4084 sed
1335 4019 1490 4084 amissum

255 4121 508 4210 Episcopatuml

485 4285 499 4320 «
519 4270 545 4322 ls
558 4285 640 4339 quem
654 4268 723 4321 forte
739 4266 815 4321 vides
827 4266 924 4320 Mariae
937 4265 967 4318 in
981 4265 1050 4327 aede,

518 4352 607 4413 Quem
620 4350 698 4405 vides
711 4349 801 4403 media
815 4351 928 4403 Patrum
941 4363 1042 4402 corona

286 4582 297 4621 t
312 4585 361 4652 Ep.
377 4584 411 4645 V,
424 4585 466 4636 22.
481 4585 513 4636 ln
526 4581 703 4650 Dindymum.

285 4665 361 4736 ἱ113.
377 4666 409 4728 V,
423 4667 465 4718 lt.
480 4664 681 4719 Chiromancia.

285 4749 361 4818 ³Ep.
376 4749 410 4811 V,
423 4749 466 4802 35.
481 4749 521 4802 De
535 4747 632 4801 Paulo.

285 4833 296 4872 ⁴
311 4833 360 4901 Ep.
376 4832 409 4894 V,
422 4831 464 4884 70.
481 4832 520 4886 De
534 4829 744 4900 ludimagistris.
