3614 5442
797 343 928 399 ..55-

227 543 442 620 nominatur,
464 542 583 628 singuli
603 548 711 607 autem
731 540 840 607 verbis
861 542 1008 627 plurimis
1030 562 1069 607 ac
1091 542 1188 626 longe
1203 543 1311 627 petitis
1330 545 1480 627 qualiter·

227 658 386 725 cumque
401 640 633 706 describuntur
650 642 675 703 ¹.
697 678 732 687 -
746 641 903 705 Rariores
926 659 1005 704 sane
1021 642 1131 706 insunt
1153 643 1186 704 in
1201 641 1308 707 latinis
1330 644 1481 708 versibus

227 740 308 804 istae
327 741 511 824 ingeniosae
524 741 666 826 ineptiae,
689 759 755 805 non
766 740 897 805 omuino
911 747 1020 804 tamen
1036 740 1164 807 absunt.

273 839 324 904 Ui
342 841 466 904 sciatur
479 859 575 924 quam
590 839 688 925 longe
703 840 914 923 Pasquierius
931 857 1044 904 asano
1057 838 1181 926 judicio
1202 838 1386 920 deflexerit,
1403 849 1482 926 quot

226 938 342 1003 horas
358 941 392 1002 in
414 940 586 1004 lahom‘osis
601 941 696 1024 nugis
715 940 800 1003 male
815 937 1038 1015 collocaverit,
1055 941 1166 1024 quanti
1182 940 1345 1024 putaverit
1368 939 1479 1005 futiles

226 1044 330 1102 artes
348 1058 467 1103 versus
490 1037 715 1122 componendi,
739 1038 874 1104 lectoris
903 1043 1043 1102 mentem
1068 1037 1282 1122 percellendi,
1306 1040 1362 1104 vel
1384 1058 1480 1104 aures

226 1135 283 1218 (ut
300 1139 411 1220 putat)
429 1135 663 1222 permulcenti,
680 1135 916 1203 recurrendum
938 1145 987 1200 est
1007 1135 1046 1200 ad
1067 1135 1245 1221 Epistulam
1270 1136 1357 1200 illam
1384 1157 1480 1220 quam

228 1234 276 1300 ad
294 1238 330 1301 T
327 1236 539 1302 abourotum
554 1239 566 1277 ²
582 1235 727 1301 dehisce
743 1235 877 1322 poeticis
892 1234 976 1299 ludis
999 1235 1139 1319 scripsit.
1157 1235 1203 1299 lbi
1225 1234 1355 1301 demum
1378 1239 1479 1300 nostri

229 1335 405 1418 puerilem
422 1356 533 1401 curam
543 1355 582 1401 ac
595 1334 845 1400 sollicitudinem
861 1334 1018 1399 circaista
1028 1333 1227 1418 putidissime
1237 1333 1481 1420 ludicradepre·

229 1433 381 1500 hendas.
400 1435 527 1501 Gaudet
542 1442 573 1500 et
587 1435 746 1521 gloriatur
765 1453 940 1499 recensere
956 1439 1003 1497 tot
1018 1438 1051 1497 et
1072 1439 1137 1496 tam
1152 1435 1337 1516 ingeniosas
1350 1453 1482 1518 poema-

231 1535 366 1599 tiorum
394 1533 528 1612 formas,
557 1540 604 1599 tot
630 1532 832 1598 admirabilia
859 1533 1016 1610 carmina,
1040 1535 1109 1596 sive
1136 1531 1177 1596 ab
1200 1532 1342 1617 antiquis
1365 1535 1434 1598 sive
1463 1553 1482 1598 a

229 1634 485 1698 recentioribus
509 1634 621 1699 labore
646 1633 747 1698 inulto
770 1633 940 1710 fabricata,
974 1651 1055 1722 quos
1077 1634 1163 1696 inter
1183 1650 1294 1696 rerum
1323 1653 1482 1698 novarum

232 1739 434 1816 repertores
449 1733 556 1798 locum
570 1734 639 1818 ipse
668 1733 728 1796 sibi
751 1732 904 1797 vindicat.
921 1732 968 1796 lbi
985 1752 1043 1816 pro
1070 1732 1195 1796 meritis
1221 1735 1287 1796 suis
1309 1733 1483 1799 laudantur

231 1850 362 1896 versus
373 1834 612 1898 recurrentes³
625 1831 676 1896 vol
685 1831 865 1912 reczprocz',
878 1839 910 1895 et
918 1830 1233 1914 Aooprommoto‘,
1245 1838 1278 1895 et
1287 1835 1369 1896 mire
1377 1831 1482 1897 iactus

234 1929 299 1996 ille
330 1951 446 1996 versus
471 1933 537 2014 qui,
563 1932 689 2014 virgula
715 1936 847 2008 mutata,
876 1949 1009 1994 sensum
1033 1935 1135 1993 mutat
1156 1930 1181 2008 ⁵,
1206 1936 1239 1994 et
1262 1930 1481 2014 prodigiosum

234 2035 352 2112 poetae
381 2030 535 2114 incogniti
563 2028 723 2093 distichon
752 2028 832 2093 illud
859 2028 944 2112 quod
973 2026 1086 2092 iisdem
1109 2027 1217 2091 verbis
1243 2034 1276 2092 01
1299 2029 1425 2093 Novum
1450 2037 1483 2094 01

237 2129 353 2193 Vetus
379 2129 621 2192 Testamentum
645 2126 780 2191 includit
794 2129 818 2190 ⁶.
838 2127 907 2191 Nec
930 2127 1047 2191 absunt
1072 2127 1216 2191 carmina
1237 2145 1321 2210 quae,
1339 2131 1482 2212 repetitis

238 2229 336 2291 sonis
360 2227 551 2311 quibusdam
562 2247 600 2290 ac
609 2227 718 2290 verbis
733 2233 824 2290 certo
838 2225 910 2290 loco
920 2225 1098 2302 collocatio,
1110 2225 1150 2288 ob
1160 2225 1191 2288 id
1207 2251 1224 2285 e
1236 2227 1331 2291 Echo
1346 2251 1363 2285 e
1378 2230 1483 2290 nomi-

238 2327 411 2401 na11tur⁷;
429 2345 536 2409 neque
549 2345 665 2390 versus
680 2345 761 2408 quos
776 2325 853 2388 dicit
870 2349 885 2384 a
902 2321 1083 2406 repperies
1095 2347 1112 2386 »
1128 2326 1152 2398 ⁸,
1169 2324 1256 2390 etilli
1274 2327 1328 2409 qui
1345 2327 1482 2410 aenigma

239 2421 363 2514 lectori
378 2429 562 2508 proponunt
579 2425 604 2483 ⁹.
622 2423 693 2488 Nou
712 2426 856 2488 omittam
880 2423 992 2488 ludum
1010 2423 1101 2487 illum
1125 2424 1299 2510 (poeticum
1317 2425 1421 2490 dicam
1441 2445 1483 2491 an

241 2521 407 2606 puerilem
431 2528 464 2585 et
483 2522 605 2586 scholae
627 2521 761 2606 dignum
786 2521 811 2607 t)
835 2542 899 2605 quc
922 2541 1034 2586 rarum
1058 2523 1196 2600 sonituS,
1221 2523 1275 2588 vel
1297 2525 1483 2589 animalium

241 2627 362 2686 cantus
399 2618 538 2704 qualiter
565 2621 1047 2704 qualiter1·oferuutur¹⁰.—
1076 2622 1193 2685 Plures
1231 2629 1320 2687 certe
1349 2624 1484 2688 existis

242 2719 377 2803 ineptiis
400 2720 552 2802 praeterii,
577 2738 639 2782 nec
654 2736 706 2781 me
730 2718 928 2803 praeteriisse
949 2718 1095 2802 poenitet.
1121 2720 1203 2782 istas
1226 2725 1336 2783 tamen
1357 2719 1483 2806 putidas

246 2837 352 2900 nugas
383 2835 448 2880 oon
477 2823 614 2881 excusat
634 2817 856 2900 PasquioriuS,
883 2816 942 2881 sed
964 2817 1145 2901 patrocinio
1169 2837 1229 2881 suo
1252 2822 1386 2882 tutatur.
1412 2819 1482 2884 Etsi

246 2915 444 2980 verecundia
458 2915 678 3000 lateturjocos
687 2918 767 2980 istos
777 2915 858 2979 nihil
870 2915 960 2981 aliud
970 2934 1044 2980 esse
1055 2915 1115 2979 uisi
1125 2939 1144 2976 <‹
1154 2916 1313 2980 scurriles
1323 2915 1481 3001 quosdam

280 3168 290 3207 ¹
310 3171 355 3223 Sic
364 3187 393 3222 se
403 3169 461 3238 ipse
472 3169 599 3238 designat
609 3168 774 3222 Paschasius
786 3185 791 3220 :
803 3185 818 3220 «
829 3169 916 3238 Celuy
926 3168 973 3238 qui
984 3168 1019 3222 du
1031 3170 1151 3237 Pascage
1161 3176 1284 3238 emperie
1293 3169 1319 3223 le
1334 3187 1447 3224 surnom
1458 3188 1481 3223 t).

281 3261 293 3298 ²
310 3262 344 3323 ll,
359 3278 385 3329 p.
400 3261 521 3313 211-218.
536 3260 623 3329 Epist.
639 3260 687 3312 lih.
704 3260 776 3322 Vlll,
791 3261 872 3328 epist.
890 3259 1078 3329 1201181ορ11.
1104 3261 1302 3325 Tabourotum,
1320 3263 1366 3332 qui
1389 3269 1484 3316 auctor

247 3347 291 3394 ost
304 3342 379 3394 illius
392 3341 495 3394 libelli:
512 3359 526 3393 «
546 3344 598 3396 Les
611 3340 768 3410 higarrures
782 3339 819 3393 du
834 3342 862 3394 Sr
876 3341 925 3393 des
938 3342 1060 3394 Accords
1075 3359 1098 3394 ».

281 3431 348 3494 311,
371 3449 398 3500 p.
420 3431 556 3484 213-214.
579 3430 671 3484 Unum
694 3446 727 3483 011
748 3429 791 3482 his
821 3430 988 3499 ancipitibus
1022 3433 1164 3495 versibus,
1187 3451 1203 3486 a
1225 3449 1255 3486 se
1276 3433 1394 3496 iactum,
1426 3449 1483 3486 non

248 3514 378 3568 mediocri
392 3513 521 3582 superbia
532 3513 634 3565 refert:

498 3621 513 3656 <‹
531 3605 643 3657 Patrum
657 3603 731 3656 diota
743 3603 829 3672 probo
844 3620 895 3656 nec
908 3603 994 3657 sacris
1007 3603 1179 3674 belligerabo
1194 3623 1218 3658 ».

280 3696 342 3759 tu,
365 3714 392 3766 p.
415 3696 535 3749 areale.
564 3685 647 3763 negt,
669 3711 775 3763 precor,
799 3695 832 3748 ue
855 3695 933 3750 aem.
956 3696 1063 3749 eettoeo
1088 3695 1234 3750 ridiculum
1250 3713 1358 3767 poema.
1385 3699 1481 3752 -01,
1555 3671 1559 3684 ’

248 3781 374 3836 Garasse.
389 3798 404 3832 «
416 3779 445 3833 la
458 3780 616 3835 Recherche
630 3780 678 3832 des
692 3779 778 3834 Rech.
793 3796 818 3842 »,
833 3780 881 3842 lll,
895 3781 964 3844 §Pil

282 3871 292 3909 i
310 3873 344 3933 ll,
359 3871 417 3924 217.
433 3900 464 3908 —
479 3871 520 3924 Cf.
536 3869 629 3940 Epigr.
646 3871 692 3931 lV,
706 3869 732 3922 8.

280 3959 344 4024 611,
361 3961 420 4015 218.
436 3991 466 3998 -
482 3961 523 4014 Ct.
539 3960 632 4029 Epigr.
649 3960 683 4021 ll,
696 3959 745 4012 94:
761 3975 776 4010 «
791 3960 831 4012 De
852 3959 929 4012 lovis
955 3959 1134 4011 amoribus».
1150 3988 1181 3998 -
1197 3960 1239 4014 Cf.
1265 3962 1352 4023 loon,
1375 3960 1424 4012 lib.
1448 3961 1484 4015 ll.

249 4043 331 4110 (Edit.
348 4044 423 4109 1618,
438 4061 465 4113 p.
480 4045 549 4109 275).

478 4142 493 4178 11
508 4125 631 4188 Suessi0,
646 4124 754 4187 Parisii,
769 4125 1088 4194 Genabum,Metaeque,
1100 4125 1251 4194 Arelasque

578 4209 717 4262 Ornarunt
730 4207 821 4274 Reges
834 4206 945 4260 nomine
958 4211 985 4260 01
998 4205 1113 4277 imperio
1127 4223 1151 4259 u.

280 4307 291 4348 ⁷
310 4309 345 4372 ΙΙ,
360 4325 406 4378 pp.
421 4307 543 4362 att-215.

281 4399 293 4440 8
310 4400 345 4463 ΙΙ,
359 4416 388 4468 p.
402 4399 461 4453 215.

281 4490 293 4531 9
310 4490 346 4553 11,
361 4506 407 4559 pp.
421 4489 541 4544 215-216.
557 4487 678 4544 Gallice:
694 4487 806 4542 «rebus
819 4503 844 4540 a.

281 4579 354 4644 1011,
369 4597 396 4649 p.
414 4580 473 4634 217.
488 4579 533 4635 Sic
545 4577 671 4633 lusciniae
685 4584 784 4632 cautus
797 4581 1028 4648 repraesentatur:

495 4687 509 4722 «
528 4671 612 4733 Tutu,
626 4674 678 4733 tot,
692 4674 749 4722 toto
763 4667 917 4722 modularis
930 4672 1043 4737 gutture
1057 4681 1151 4724 voces.
1161 4706 1167 4720 .
1178 4707 1201 4720 ..
1219 4685 1243 4721 ».

283 4757 311 4807 et
324 4751 418 4822 Epigr.
433 4753 466 4817 V,
479 4752 528 4807 62:
544 4767 560 4804 ‹
576 4750 620 4806 Ad
634 4750 815 4806 Philomelam
828 4767 854 4806 u.
