3614 5442
883 441 1014 509 ·.1'2'..-

332 652 554 736 Pasquierius,
570 653 659 720 dicas
682 674 757 720 eum
772 675 832 739 per
852 655 945 738 ignes
968 641 1070 720 cineri
1098 655 1279 740 suppositos
1296 655 1462 734 incedere,
1481 655 1566 720 adeo

333 756 427 814 caute
441 757 474 816 et
487 753 752 837 quasisuspenso
766 754 849 838 pede
868 753 1027 839 graditur.
1043 755 1106 820 Ubi
1120 775 1200 820 vero
1219 753 1258 819 de
1279 755 1394 838 priscis
1417 754 1565 818 aetatibus

332 850 450 934 agitur,
474 850 545 934 ejus
568 853 676 916 statim
704 852 838 917 liberior
860 851 896 918 iit
918 872 1038 918 sermo.
1066 852 1261 937 Ambagibus
1285 853 1392 916 missis
1414 854 1568 936 antiquos

332 946 454 1026 laudat,
478 968 630 1014 romanos
649 952 830 1034 praesertim
856 951 1001 1035 pristinae
1018 954 1120 1016 aetatis
1142 951 1290 1015 versibus
1304 951 1409 1016 libere
1423 951 1562 1017 extollit.

334 1045 424 1110 Unus
453 1051 538 1112 enim
562 1049 649 1112 inter
670 1051 792 1132 primos
820 1049 1039 1132 Pasquierius,
1068 1049 1141 1132 regi
1167 1055 1313 1113 ceterum
1341 1049 1502 1113 obnoxius
1529 1067 1569 1112 ac

334 1141 463 1210 statutis
476 1147 606 1230 legibus
627 1147 856 1225 deditissimus,
871 1150 1045 1231 imaginem
1061 1149 1232 1232 quamdam
1247 1149 1384 1233 publicae
1394 1147 1566 1212 Libertatis

335 1245 397 1308 sibi
409 1245 620 1326 formaverat,
641 1267 736 1330 quam
751 1247 906 1331 religiose
922 1247 1049 1312 colebat
1063 1253 1095 1312 et
1108 1247 1258 1312 versibus
1276 1246 1483 1332 praedicabat,
1501 1265 1567 1310 non

334 1345 379 1407 ita
392 1349 501 1408 tamen
517 1352 551 1409 ut
568 1345 601 1408 in
620 1365 674 1409 res
691 1345 867 1410 transferre
882 1365 953 1410 eam
978 1346 1224 1430 aggrederetur.
1240 1348 1310 1411 Jam
1329 1352 1398 1410 tum
1413 1365 1430 1410 e
1448 1344 1567 1410 scholis

335 1441 521 1522 evolabant,
532 1447 734 1508 —examina
751 1443 1002 1521 densissima,-
1006 1444 1149 1529 juvenes
1164 1463 1244 1509 vere
1254 1443 1439 1521 Catoniani,
1452 1443 1566 1508 tetrico

334 1539 507 1604 Libertatis
536 1547 569 1606 et
595 1541 796 1626 Reipublicae
818 1561 929 1606 amore
957 1540 1158 1619 inflammati,
1188 1548 1362 1625 tyrannum
1391 1533 1568 1626 quemlibet

335 1639 477 1722 pugione
488 1638 600 1717 ferire,
612 1639 782 1705 Harmodii
792 1641 905 1716 instar,
917 1641 1032 1727 parati,
1044 1643 1131 1725 regis
1146 1647 1254 1706 tamen
1270 1640 1363 1705 dictis
1378 1639 1567 1704 obedientes

335 1743 369 1801 et
404 1736 445 1801 ad
481 1740 589 1804 omnia
619 1739 727 1805 officia
754 1740 947 1824 paratissimi
982 1740 1201 1824 magistratus.
1231 1738 1316 1804 Audi
1343 1738 1567 1823 Pasquierium

336 1843 495 1914 nostrum,
520 1838 635 1920 quibus
662 1838 813 1903 laudibus
839 1839 982 1904 Catones
1009 1844 1104 1903 ornet
1130 1845 1164 1903 et
1192 1840 1323 1915 Brutos
1350 1856 1413 1921 quo
1437 1835 1567 1902 fastidio

337 1935 487 2000 Caesares
501 1943 534 2001 et
545 1938 712 2021 Augustos
731 1944 761 2001 et
776 1945 919 2002 ceteram
935 1945 1145 2023 tyrannorum
1162 1937 1266 2002 secem
1281 1935 1458 2020 deprimat!

617 2102 632 2138 «
650 2086 769 2142 Romula
782 2086 847 2138 dum
860 2085 926 2139 felix
939 2085 1007 2139 vixit
1024 2086 1202 2154 Respublica,
1215 2085 1288 2151 vixi;

716 2172 751 2224 Et
764 2176 869 2224 certum
884 2176 926 2223 est
940 2169 1021 2223 nobis
1034 2169 1085 2222 hac
1099 2170 1232 2223 moriente
1251 2167 1319 2222 mori
1331 2166 1352 2220 1.
1373 2186 1388 2220 u

378 2302 425 2366 De
442 2300 479 2367 C.
494 2301 581 2368 lulio
597 2302 750 2384 Caesare;

585 2467 599 2502 «
614 2448 730 2518 Singula
747 2450 890 2512 discutiaS,
904 2465 1010 2518 magnae
1024 2447 1134 2503 virtutis
1147 2449 1238 2517 imago

696 2533 803 2600 Julius,
821 2537 849 2586 at
862 2531 931 2585 nihil
943 2532 1005 2594 hoc,
1020 2531 1159 2600 expendas
1173 2533 1274 2594 omnia,
1289 2530 1369 2600 pejus
1381 2529 1394 2567 Ἰ
1408 2547 1431 2582 u.

379 2669 426 2732 De
440 2666 601 2751 religione
615 2667 712 2731 otiam
726 2666 861 2730 liberius
877 2685 972 2748 quam
987 2670 1180 2749 exspectare
1195 2662 1428 2746 eratjudicium
1439 2663 1569 2746 promit,

339 2764 468 2849 quando
491 2766 740 2830 Constantinum
769 2771 802 2828 et
830 2763 1046 2829 Theodosium
1072 2762 1183 2827 laudat
1198 2763 1220 2838 ³,
1248 2763 1299 2826 vel
1325 2763 1431 2846 potius
1460 2761 1568 2825 varias
1666 2816 1671 2822 .

339 2867 379 2932 de
399 2867 528 2932 Juliano
550 2868 748 2952 imperatore
763 2867 932 2951 opiniones
946 2867 1016 2930 sine
1030 2863 1136 2930 studio
1151 2869 1182 2928 et
1200 2881 1293 2946 aequa
1308 2863 1404 2928 lance
1418 2862 1540 2926 refert:

544 3017 558 3049 «
624 2999 655 3053 Id
668 3015 716 3052 cur
729 3003 785 3052 tam
798 2997 872 3052 varic
887 3004 969 3066 atque
984 2997 1056 3050 unde
1065 2997 1123 3049 haec
1136 2993 1268 3049 discessio
1287 2993 1412 3064 quaeris3

639 3081 696 3136 leta
709 3081 758 3134 tibi
772 3080 879 3150 peperit
886 3079 980 3151 jurgia
997 3079 1105 3148 relligio
1119 3077 1131 3118 l
1143 3095 1168 3131 ».

382 3213 643 3299 ln‘philosopbia
665 3215 750 3278 male
773 3213 833 3278 sibi
855 3213 1022 3277 cohaerere
1046 3211 1194 3287 videtur3
1219 3231 1293 3275 nem
1320 3209 1346 3274 si
1366 3209 1571 3294 Pyrrhonem

340 3313 518 3397 scepticum
531 3312 660 3398 vulgari
675 3312 731 3376 iilo
747 3317 939 3397 argumento
954 3310 1117 3375 confutat:

571 3484 585 3519 «
599 3468 668 3521 Esse
681 3465 785 3536 aliquid
802 3465 868 3519 certi
882 3467 926 3520 vel
940 3471 966 3518 te
980 3465 1090 3519 doctore
1104 3465 1225 3518 docebo:

601 3549 697 3604 Omnia
712 3566 774 3602 nam
790 3549 887 3602 saltem
901 3552 1006 3602 certum
1021 3552 1063 3600 est
1076 3549 1179 3600 incerta
1194 3547 1311 3616 vagant
1324 3564 1349 3613 »;

342 3690 393 3748 est
414 3683 470 3747 ubi
492 3703 545 3747 res
573 3683 731 3748 humanas
754 3685 788 3746 in
805 3659 957 3766 ambiguo
981 3686 1013 3744 et
1031 3681 1155 3743 incerto
1174 3698 1247 3744 esse
1261 3679 1387 3756 asserit,
1404 3695 1510 3762 neque
1533 3679 1574 3744 ad

343 3784 513 3849 dexteram
528 3783 693 3867 nequead
720 3783 884 3846 sinistram
912 3780 1091 3854 declinans,
1116 3780 1170 3862 qui
1194 3778 1243 3842 his
1265 3777 1376 3843 verbis
1399 3778 1522 3863 pariter
1543 3784 1573 3842 et

343 3883 543 3949 Heraclitum
558 3891 590 3949 et
605 3883 825 3949 Democritum
838 3881 1017 3965 improbat:
1041 3923 1042 3926 =

590 4047 605 4084 <t
623 4030 734 4086 Scilicet
746 4029 776 4083 in
788 4030 867 4086 vanis
879 4045 941 4083 cum
956 4028 993 4082 eit
1006 4043 1071 4098 spes
1088 4026 1166 4079 nulla
1179 4024 1316 4088 medendi,

689 4115 792 4170 Vanior
804 4117 848 4168 est
861 4113 944 4176 risus,
958 4111 1054 4166 vanior
1067 4115 1110 4163 est
1122 4108 1243 4178 gemitus
1256 4107 1268 4149 ⁶
1280 4125 1303 4161 u.

377 4355 388 4395 ¹
402 4357 438 4410 Ic.
453 4357 496 4410 48.

377 4439 390 4478 2
406 4437 498 4493 10249.
514 4469 544 4476 -
558 4439 599 4492 cf.
614 4438 737 4502 5252uu,
751 4437 888 4505 Auguste.

378 4523 390 4562 ³
407 4523 443 4575 Ic.
458 4521 499 4576 59.

378 4606 390 4644 ⁴
407 4606 443 4658 Ic.
456 4603 499 4659 60.

378 4685 390 4725 ⁵
408 4689 444 4740 Ic.
456 4687 499 4742 79.

378 4768 391 4810 ⁶
408 4769 446 4822 lc.
459 4769 503 4823 76.
