3614 5442
923 499 1052 552 -5q-

415 696 620 764 sordidiores
646 702 722 762 sunt
730 695 798 782 joci
812 693 942 781 quidam
957 715 1039 781 quos
1054 715 1172 762 recens
1185 696 1290 782 pudor
1302 703 1417 763 noster
1429 703 1540 763 tacere
1552 717 1609 764 me

367 797 463 882 jubet
478 799 502 869 ¹,
524 815 605 881 qnos
620 802 755 861 excusat
768 797 923 880 temporis
946 796 1145 881 simplicitas.
1159 796 1220 861 Vis
1243 799 1428 882 exemplum
1447 794 1607 862 afferam?

372 899 470 981 Lege,
486 914 616 980 precor,
632 895 855 960 incorrectis«
883 896 925 961 de
950 894 1070 962 Pallor
1086 921 1103 956 3
1123 896 1326 981 poematibus
1347 897 1508 981 poematia
1540 896 1608 962 duo

371 1016 443 1080 quac
466 1013 547 1080 opus
565 995 726 1079 aperiunt.
743 992 958 1060 similitudino
977 993 1115 1078 quadam
1138 996 1315 1060 verborum
1336 995 1380 1060 ita
1402 996 1492 1060 abuti
1506 1002 1541 1061 ut
1564 1016 1608 1061 ex

372 1093 532 1159 vocabulo
556 1119 573 1154 ι
592 1095 696 1176 putee
718 1117 737 1154 »
757 1093 797 1158 ad
813 1117 832 1153 «
849 1094 1030 1175 pulcelette
1053 1118 1082 1170 ›,
1100 1114 1177 1159 mox
1200 1095 1299 1159 etiam
1319 1094 1359 1159 ad
1379 1119 1396 1153 ‹
1415 1095 1566 1176 00103110
1588 1121 1606 1155 s

371 1198 570 1270 transeatur,
593 1198 691 1275 atque
713 1192 789 1258 inde
811 1191 1001 1257 indecenter
1025 1190 1139 1256 ludere
1162 1193 1203 1257 de
1228 1192 1345 1277 puellis
1359 1212 1398 1258 30
1421 1192 1607 1277 puellarum

371 1293 520 1360 castitate
532 1313 539 1358 :
551 1290 631 1356 -id
641 1290 697 1355 vix
712 1292 846 1356 tolerari
855 1296 962 1374 potest
975 1289 1049 1356 dum
1061 1291 1107 1356 sic
1111 1291 1266 1376 jocantur
1275 1293 1484 1376 Pasquierius
1494 1293 1562 1378 1033
1578 1295 1606 1367 ²,

372 1399 405 1457 et
430 1393 530 1457 Barn.
558 1391 745 1456 Brissonius
769 1393 793 1467 ³,
821 1393 988 1474 ceterique
1016 1391 1078 1454 viri
1110 1390 1265 1456 libertate
1296 1390 1395 1455 latina
1424 1398 1457 1457 et
1482 1393 1609 1457 forensi

372 1493 570 1580 procacitate
586 1488 776 1555 excusandi.
788 1489 891 1553 Multo
906 1497 1015 1554 autem
1025 1489 1194 1554 molestius
1204 1495 1253 1554 est
1263 1489 1404 1574 puellam
1416 1491 1604 1574 ingenuam,

372 1592 466 1664 Ceth.
492 1589 665 1674 Rupellam
690 1589 715 1666 ⁸,
742 1589 877 1672 primam
903 1589 1067 1664 omnium,
1094 1588 1211 1673 gallico
1234 1607 1386 1653 sermone
1408 1608 1473 1653 non
1490 1588 1604 1666 latino,

371 1691 544 1756 indecoras
561 1689 654 1752 istius
673 1685 760 1751 modi
773 1687 908 1751 facetias
923 1687 976 1752 vel
998 1685 1115 1752 leviter
1134 1689 1291 1771 attigisse.
1317 1688 1495 1772 Postquam
1508 1690 1608 1774 igitur

372 1791 466 1874 virgo
497 1787 564 1861 illa,
592 1786 729 1850 honesto
756 1786 828 1850 loco
855 1791 936 1854 orta.
960 1785 1046 1870 jocis
1078 1786 1327 1870 improbioribus
1354 1788 1447 1869 quasi
1477 1787 1606 1872 signum

372 1889 510 1965 dederit,
526 1905 633 1970 neque
648 1905 719 1950 eam
735 1884 888 1970 puduerit
901 1884 1014 1968 legere
1029 1892 1061 1950 et
1074 1885 1189 1969 plausu
1204 1906 1263 1951 suo
1287 1885 1501 1970 comprobare
1515 1886 1606 1950 10003

372 1995 565 2054 caeterorum
589 1991 771 2070 poematum
803 1985 977 2068 turpiores,
1010 1985 1110 2049 credo
1140 1983 1288 2067 equidem
1323 1983 1471 2048 nonnihil
1502 1985 1606 2068 culpae

371 2108 441 2154 suae
467 2084 641 2150 Paschasio
670 2102 743 2147 csse
770 2081 1021 2146 condonandum
1051 2083 1185 2146 silente
1211 2085 1244 2146 10
1270 2082 1379 2146 1311013
1408 2083 1607 2147 carminibus

372 2186 556 2254 Martialem
570 2203 665 2246 suum
679 2182 884 2266 diligentiore
899 2201 978 2245 cura
991 2182 1133 2246 imitatus
1148 2182 1200 2246 sit.

413 2293 538 2359 Vitium
553 2290 642 2355 aliud
658 2296 707 2353 est
721 2289 761 2354 ab
779 2287 893 2354 eadem
908 2308 1006 2353 cansa
1025 2295 1142 2368 ortum,
1158 2288 1212 2352 1113
1227 2288 1351 2353 scilicet
1368 2290 1496 2354 erudita
1512 2291 1607 2354 rusti-

373 2396 481 2468 citate,
510 2389 596 2473 qnod
618 2390 731 2452 vitium
751 2407 818 2451 non
840 2389 1008 2473 proprium
1031 2388 1222 2471 Pasquierio
1246 2387 1318 2466 init,
1344 2387 1403 2452 sed
1427 2388 1607 2472 aequalibus

373 2499 538 2585 plerisque
560 2514 742 2570 commune,
763 2512 823 2558 nec
840 2493 880 2559 ab
896 2494 1037 2578 antiquis
1051 2493 1221 2570 adscitum,
1239 2494 1298 2559 sed
1316 2515 1335 2558 a
1352 2495 1605 2573 recentioribus,

372 2597 535 2664 italicisve
564 2591 748 2665 Gallicisue,
778 2598 952 2676 sumptum.
980 2591 1030 2655 1111
1057 2593 1144 2655 enim
1168 2592 1329 2669 homines,
1360 2593 1470 2657 nescio
1497 2599 1606 2658 utrum

374 2698 510 2762 subtiles
524 2694 627 2778 magis
645 2713 687 2758 an
706 2695 808 2777 magis
828 2692 973 2776 ingenui,
1000 2691 1155 2776 quidquid
1179 2692 1342 2757 subtiliter
1363 2694 1519 2776 scriptum
1535 2702 1608 2758 erat

372 2818 432 2884 pro
447 2797 533 2861 bono
556 2793 740 2870 habebant,
757 2791 912 2876 quidquid
934 2791 967 2855 in
982 2791 1180 2888 carminibus
1199 2791 1380 2876 pangendis
1400 2798 1433 2856 et
1448 2793 1554 2857 rarius
1573 2800 1608 2858 et

374 2895 539 2962 difficilius
552 2900 623 2959 erat
638 2892 835 2976 exquisitum
851 2893 959 2955 statim
976 2911 1014 2956 30
1029 2891 1210 2975 perlectum
1225 2889 1399 2956 ducebant.
1414 2892 1463 2957 Ea
1476 2891 1608 2976 pulchri

374 2996 482 3083 specie
496 2995 634 3078 decepti,
650 3011 702 3056 res
713 2991 901 3075 simpliciter
919 2991 1028 3054 dicere
1038 3011 1152 3076 parum
1163 2989 1331 3069 curabant,
1344 3009 1405 3055 nec
1430 2990 1607 3074 quidquam

373 3097 444 3160 iere
471 3094 533 3157 nisi
563 3090 704 3175 03033110
733 3089 920 3154 verborum
946 3089 1097 3154 circuitu
1117 3088 1350 3173 exprimebant.
1381 3089 1471 3163 Mox,
1504 3107 1607 3172 pravo

374 3191 618 3276 eodemjudicio
634 3189 776 3266 deducti,
788 3188 983 3273 simpliciora
993 3183 1130 3274 poeseos
1140 3206 1262 3272 genera
1271 3187 1374 3252 ferme
1384 3188 1605 3264 fastidiebant,

374 3291 555 3376 praestigias
574 3296 682 3354 autem
710 3306 789 3353 vere
810 3287 953 3371 pueriles
975 3288 1029 3352 vel
1043 3286 1217 3372 cogitandi,
1241 3287 1294 3350 vel
1315 3285 1489 3365 scribendi,
1504 3287 1608 3351 versi-

374 3389 492 3455 ficandi
505 3388 674 3473 imprimis,
693 3388 800 3471 magni
827 3386 998 3451 faciebant.
1024 3385 1144 3450 Ludios
1165 3406 1222 3450 303
1235 3405 1274 3450 30
1288 3386 1482 3469 petauristas
1498 3386 1607 3470 potius

374 3507 469 3573 quam
482 3504 600 3570 graves
618 3485 766 3550 homines
781 3490 814 3549 31
832 3503 929 3548 33003
943 3491 1055 3568 003133
1067 3489 1172 3567 00133.

416 3586 522 3652 Credo
542 3584 670 3669 quidem
693 3583 917 3667 Pasquierium
937 3582 1037 3646 multo
1052 3583 1154 3665 magis
1163 3581 1336 3666 gloriatum
1348 3603 1420 3648 esse
1435 3589 1607 3668 postquam

372 3709 427 3755 res
437 3688 659 3770 inexspectato
674 3682 812 3766 quodam
823 3681 999 3746 verborum
1009 3681 1131 3745 ambitu
1141 3680 1337 3760 reddiderat,
1358 3688 1390 3747 et
1403 3683 1604 3747 subtiliorem

373 3795 531 3872 περίφρασιν
547 3782 802 3866 excogitaverat,
819 3799 914 3862 quam
931 3799 1004 3843 cum
1020 3797 1152 3842 versum
1177 3781 1333 3863 optimum
1349 3782 1527 3865 pepigerat,
1552 3781 1608 3845 vel

374 3892 477 3950 totum
509 3900 624 3967 poema
661 3879 749 3944 omni
781 3884 873 3962 parte
901 3877 1080 3961 perfectum
1116 3877 1315 3943 condiderat.
1357 3881 1434 3944 Vitii
1469 3879 1606 3963 hujusce

375 3983 562 4068 exemplum
590 3981 717 4062 insigne
737 3978 894 4063 reperies,
918 3977 944 4040 si
968 4000 987 4036 <‹
1010 3977 1052 4041 de
1076 3977 1197 4042 Pudice
1218 4001 1237 4037 ›>
1259 3977 1404 4041 libellum
1430 3978 1605 4055 evolveris,

376 4083 561 4168 legerisqne
571 4077 768 4163 poematium
777 4074 857 4138 illud
870 4075 956 4158 quod
967 4073 1091 4140 Gallice
1099 4074 1305 4139 inscribitur:
1322 4100 1341 4136 «
1357 4078 1440 4141 Voect
1452 4078 1609 4159 pastoral

376 4205 418 4251 ert
428 4185 555 4269 fovear
570 4175 752 4259 despectas
767 4176 1007 4256 ctaetepoces
1021 4197 1040 4234 »
1058 4175 1082 4236 ⁵.
1100 4172 1217 4238 Nullus
1230 4173 1274 4237 ibi
1289 4181 1385 4259 poeta
1398 4176 1529 4240 nomine
1547 4194 1606 4238 suo

409 4468 419 4507 ¹
439 4470 471 4522 V.
487 4469 533 4532 IV,
547 4468 580 4521 45
593 4483 599 4532 ;
614 4468 647 4532 V,
661 4465 703 4518 50.
714 4469 767 4517 etc.

408 4559 421 4599 ²
439 4561 471 4613 V.
487 4576 501 4612 <t
516 4561 555 4613 La
568 4556 648 4627 pulce
662 4556 696 4609 de
710 4553 843 4624 Pasquier
856 4569 881 4616 »,
895 4557 914 4604 t.
930 4552 965 4613 ll,
979 4567 1006 4618 p.
1021 4549 1142 4604 951-952.

409 4651 422 4690 ³
439 4651 521 4703 Barn.
537 4645 671 4702 Brissonii
686 4644 772 4700 Pulex
786 4650 805 4697 t.
821 4643 856 4706 11,
870 4659 897 4711 0.
912 4642 970 4695 954.

408 4737 421 4778 1
438 4757 453 4792 c
472 4741 510 4794 La
524 4739 597 4792 Puco
611 4738 645 4792 de
659 4733 806 4793 Gatherino
820 4731 974 4788 Desrochcs
988 4746 1013 4794 »,
1028 4735 1047 4781 t.
1063 4730 1097 4791 ll,
1112 4744 1140 4796 p.
1153 4725 1212 4780 950.

410 4831 421 4870 a
439 4831 470 4884 r.
485 4831 520 4892 11,
534 4847 562 4898 p.
575 4829 634 4884 333.

706 5120 1005 5224 *aa

1033 5228 1064 5281 'b
