3614 5442
798 391 928 446 ..23-

286 629 327 640 —
341 593 545 658 Mollioribus
560 593 629 658 istis
643 590 771 657 dicendi
786 589 948 656 blanditiis
958 590 1100 656 abutitur
1114 592 1140 668 ¹,
1152 590 1237 675 quod
1248 609 1368 655 novum
1378 608 1478 674 argn-

244 701 391 757 menlum
406 699 537 758 osteum
547 694 713 780 improbos
723 711 851 757 amores
862 712 900 756 ac
911 689 1054 756 libidinis
1064 691 1224 775 nequitias
1234 697 1343 756 mente
1354 697 1478 756 tantum

243 793 405 870 hausisse,
432 799 505 877 post
536 793 666 877 generis
701 791 851 857 doctores
886 792 1100 876 expressisse,
1129 811 1195 855 non
1221 797 1330 856 autern
1356 793 1390 854 in
1416 809 1478 854 usu

243 891 408 957 habuisse.
426 892 562 976 Propius
577 894 661 957 enlm
677 889 846 956 adrerum
872 891 1050 956 accessisse
1063 890 1204 964 videtur,
1231 897 1340 955 castus
1365 889 1476 966 homo,

244 991 514 1076 quandepuriora
523 991 746 1065 basiaalulia,
760 990 866 1075 puella
876 989 1026 1075 quadam,
1043 991 1184 1075 postulat
1201 991 1291 1055 hisee
1310 990 1476 1054 versibus:

491 1196 506 1232 <‹
525 1180 606 1233 Basia
619 1179 664 1243 da,
679 1179 729 1232 sed
742 1194 803 1248 qnae
817 1178 863 1231 dat
878 1183 954 1231 casta
967 1177 1061 1247 puella
1073 1177 1192 1248 puellae:

559 1262 625 1315 Haec
637 1277 693 1314 non
707 1261 848 1324 deficiunt,
858 1277 968 1330 semper
979 1266 1006 1313 at
1021 1259 1164 1330 incipiunt.

524 1344 596 1398 Nolo
611 1358 663 1412 ego
678 1343 791 1396 delicias
803 1343 910 1407 lascivi,
925 1343 1008 1406 dulia,
1023 1343 1099 1406 lecti,

558 1426 626 1486 Quae
641 1425 725 1478 simul
738 1424 875 1495 incipiunt
889 1425 1084 1494 decipiuntque
1099 1424 1183 1477 simul
1197 1441 1211 1475 11
1224 1423 1245 1476 ².

285 1590 461 1672 Postquam
477 1589 729 1653 monstravimus
747 1588 974 1673 Pasquierium
998 1590 1030 1652 in
1055 1588 1200 1654 dicendis
1223 1587 1388 1653 amoribus
1410 1588 1478 1652 suis

242 1708 358 1776 parum
374 1707 506 1772 gravem
524 1689 638 1765 fuisse,
663 1688 720 1753 sed
742 1688 854 1773 utique
880 1687 1063 1753 amabiliter
1090 1689 1218 1763 lusisse,
1246 1687 1334 1752 band
1361 1689 1477 1752 mirum

242 1787 405 1852 videbitur
429 1786 578 1853 eumdem
607 1789 725 1872 saepins
751 1807 896 1852 amorem
923 1795 1021 1871 atque
1047 1793 1206 1865 amantes,
1236 1783 1477 1851 matrimonium

243 1889 349 1971 ipsum
370 1894 402 1951 et
418 1888 550 1951 maritos
565 1885 703 1950 ludibrio
719 1886 885 1961 habuisse,
905 1905 1011 1968 neque
1026 1884 1065 1950 de
1084 1905 1121 1950 ro
1135 1892 1201 1950 tam
1218 1891 1331 1951 sancta
1344 1885 1480 1950 liberio-

242 1986 333 2051 ribus
342 1987 428 2070 jocis
443 1993 476 2051 et
490 1985 644 2062 dicteriis
660 1985 771 2051 verbis
786 1986 883 2050 etiam
898 1985 1101 2070 procacibus
1118 1985 1326 2050 abstinuisse.

285 2110 410 2193 Nempe
420 2110 568 2175 homines
580 2111 735 2194 temporis
747 2108 834 2173 illius
850 2127 952 2193 prave
968 2107 1090 2172 dixisse
1105 2109 1211 2173 minus
1225 2108 1365 2193 pudebat
1380 2128 1474 2192 quam

242 2228 343 2292 prave
358 2209 475 2273 iecisse
493 2211 518 2272 ³.
537 2209 725 2273 Verborum
745 2208 911 2272 lasciviam
929 2225 1055 2272 morum
1074 2209 1244 2291 integritas
1262 2208 1423 2272 tolerabat
1445 2213 1477 2271 et

242 2306 433 2373 excusabat
450 2307 536 2381 Quid
548 2306 633 2390 quod
644 2306 821 2390 antiquitus
832 2305 933 2371 Gallis
947 2306 1091 2390 patribus
1105 2309 1258 2372 usitatum
1272 2312 1344 2372 erat
1357 2307 1476 2371 amoris

241 2407 416 2490 nequitias,
447 2407 638 2471 maritorum
667 2425 841 2482 aerumnas,
869 2405 1012 2491 conjugii
1037 2409 1146 2472 varios
1168 2427 1275 2485 casae,
1299 2407 1476 2492 conjugum

240 2505 387 2579 fraudes
411 2524 469 2588 per
491 2506 655 2581 facetiam,
681 2505 770 2569 nulla
794 2512 904 2570 tamen
926 2506 1061 2582 malitia,
1085 2504 1247 2570 irridere?
1270 2505 1363 2570 Adde
1391 2505 1476 2590 quod

241 2603 422 2686 Pasquierii
445 2604 600 2687 aequales,
626 2604 734 2668 devoti
757 2612 905 2669 veterum
929 2612 1121 2679 sectatores
1145 2623 1212 2670 non
1226 2605 1323 2670 modo
1338 2606 1474 2684 licitum,

241 2722 356 2767 verum
385 2704 481 2768 etiarn
509 2703 664 2768 decorum
691 2703 847 2787 putabant
876 2704 1107 2769 audacissimas
1134 2705 1296 2788 nequitias
1326 2725 1476 2770 sermone

241 2801 557 2866 inverecundissimo
574 2801 722 2879 induere,
735 2801 909 2867 dummodo
921 2809 1162 2868 sacrosanctam
1172 2803 1295 2887 antiqui
1308 2805 1476 2888 scriptoris

239 2901 467 2966 auctoritatem
489 2901 694 2988 praetendere
717 2901 777 2965 sibi
800 2908 944 2985 possent.
971 2901 1064 2976 Quod
1088 2901 1183 2966 facile
1208 2902 1357 2966 omnibus
1381 2904 1474 2967 acin

195 3019 200 3030 ·
239 3005 391 3085 promptu
407 3006 488 3064 orat.

283 3122 377 3197 Quod
392 3122 418 3186 si
433 3141 589 3187 concessa
602 3124 717 3188 Latino
731 3126 873 3188 sermoni
891 3124 1041 3189 libertate
1055 3123 1128 3208 plus
1152 3144 1248 3208 quam
1268 3123 1371 3190 libore
1396 3145 1473 3190 usus

241 3228 292 3286 est
323 3222 543 3306 Pasquierius,
572 3241 654 3307 rogo
680 3223 775 3287 venia
803 3222 917 3287 eadem
944 3223 1021 3288 mihi
1053 3223 1164 3300 detur,
1193 3222 1321 3308 qnando
1348 3231 1475 3308 proter-

241 3323 333 3385 viora
352 3322 507 3395 carmina,
533 3323 716 3405 argumenti
738 3340 848 3400 causa,
871 3321 989 3387 afferre
1013 3341 1148 3388 necesse
1169 3323 1243 3388 orit.
1269 3324 1341 3398 Qua
1364 3327 1471 3401 venia,

142 3459 146 3472 .
240 3425 277 3484 ut
292 3438 400 3502 spero,
416 3439 513 3504 parce
526 3425 612 3485 utar.

281 3546 359 3610 Jure
382 3564 441 3609 suo
461 3547 661 3628 praestringit
688 3546 899 3630 Pasquierius
923 3547 1063 3612 seminas
1088 3547 1161 3612 illas
1188 3568 1259 3632 quae
1288 3547 1470 3633 pudicitiam

240 3643 405 3721 simulant,
427 3649 460 3708 at
482 3643 631 3727 cupidine
674 3664 761 3710 caeca
788 3652 971 3712 moventur.
998 3647 1077 3713 Haec
1105 3647 1204 3712 vidua
1224 3648 1349 3712 luctum
1381 3645 1473 3731 fingit

242 3761 305 3825 quo
320 3741 448 3807 facilins
461 3743 613 3808 maritum
627 3764 747 3808 novum
762 3746 852 3810 retiis
866 3752 993 3830 captet:

438 3964 453 3999 «
473 3949 540 4009 Quae
553 3949 600 4001 det
612 3950 686 4002 culta
700 3966 782 4004 snum
795 3965 852 4004 non
864 3949 943 4020 luget
953 3952 1069 4004 Amoena
1082 3952 1210 4003 maritum
1221 3967 1227 4011 ;

506 4031 576 4092 Quid
590 4031 655 4084 facit
668 4047 734 4101 ergo
744 4028 756 4086 l
768 4033 864 4086 Alium
878 4032 977 4102 quaerit
989 4034 1105 4086 Amoena
1117 4031 1205 4087 virum
1224 4049 1238 4085 »
1254 4032 1274 4084 l.

271 4320 339 4374 111.
355 4323 402 4385 111,
416 4285 473 4374 ret
487 4322 533 4385 iv,
546 4323 577 4387 a;
591 4353 622 4361 -
638 4321 685 4386 vr,
698 4323 740 4377 51.

272 4427 348 4495 ²Ep.
362 4427 396 4490 V,
411 4427 453 4482 90.

240 4613 256 4666 d
271 4531 284 4572 ³
297 4531 472 4666 1111131111.
488 4533 592 4588 CXXV
606 4551 611 4586 :
629 4537 648 4564 “
660 4537 718 4590 Nos
729 4535 809 4604 peres
824 4535 997 4591 redoutaient
1008 4535 1096 4590 moine
1112 4536 1147 4590 de
1160 4533 1249 4606 parler
1265 4535 1410 4590 librament
1421 4552 1475 4606 qne

258 4631 331 4667 ema
353 4630 421 4684 agir.
445 4617 450 4636 ’

244 4705 247 4708 ⁵
271 4721 389 4791 tepigr.
407 4723 427 4785 1,
442 4724 484 4776 41.
502 4725 542 4777 De
554 4727 671 4778 Ameana
686 4725 777 4781 vidua.
