3614 5442
915 491 1046 551 -ae-

363 689 415 758 his
441 690 552 757 verbis
583 689 653 756 iere
682 691 798 775 pinxit,
827 689 903 756 dum
936 690 1040 776 pingit
1069 689 1151 756 Aob.
1182 691 1397 777 Hospiteiem,
1427 694 1598 761 Michaelis

363 789 465 860 tilium
477 810 484 855 :

594 911 608 947 a
627 893 708 957 Quod
721 893 826 948 nullam
838 893 928 948 iudex
941 894 1056 948 sectaris
1069 895 1205 966 Principis
1217 896 1320 962 aulam,

693 978 803 1045 Integer
815 982 843 1030 et
855 975 931 1041 vitea,
944 976 1135 1048 propositique
1149 982 1242 1043 tenax,

627 1061 662 1115 Et
674 1059 780 1129 rigidus
789 1059 860 1128 justi
874 1065 979 1124 custos,
993 1060 1115 1130 pietatis,
1130 1060 1250 1125 honesti,

692 1142 928 1211 Temporibusque
940 1141 1002 1195 istis
1015 1157 1072 1196 non
1086 1149 1166 1211 potes
1181 1159 1243 1196 esse
1256 1142 1361 1196 malus!

627 1223 693 1276 Haec
706 1223 815 1292 superis
830 1223 928 1293 primo,
942 1228 1001 1276 tum
1016 1223 1100 1277 debes
1114 1224 1206 1278 omnia
1218 1225 1289 1294 patri

693 1305 780 1366 Quem
793 1309 824 1358 tn
838 1305 960 1368 iustitie,
975 1321 1056 1375 quem
1074 1305 1179 1360 Pietate
1194 1306 1280 1360 refers
1294 1323 1318 1359 a.
1332 1305 1344 1344 ¹

404 1437 441 1501 In
457 1435 599 1502 Aulioos
621 1434 707 1521 quod
722 1435 930 1501 acerbissima
951 1436 1163 1520 Pasquierius
1179 1433 1314 1501 dicteria
1337 1435 1530 1512 vibraverit,
1550 1437 1596 1502 nil

364 1537 493 1611 mirum,
508 1534 535 1598 si
563 1532 659 1599 modo
681 1533 887 1618 reputaveris
913 1533 1018 1618 qualis
1038 1533 1140 1600 fuerit
1153 1533 1361 1600 Valesiorum
1378 1553 1494 1618 regum
1508 1534 1594 1614 aula,

362 1633 416 1716 qui
447 1651 557 1697 mores
586 1633 786 1717 principum,
815 1653 888 1717 quae
919 1633 1100 1699 aulicorum
1130 1639 1229 1698 artes.
1259 1631 1456 1699 Jamdudum
1486 1639 1595 1700 autem

360 1731 498 1816 integrae
519 1731 628 1816 stirpis
647 1732 748 1809 cives,
758 1729 888 1815 judices
901 1731 1084 1816 praesertim
1098 1731 1220 1796 veteris
1234 1732 1406 1816 prosapiae,
1427 1738 1596 1818 suspectos

361 1835 459 1914 atqua
496 1830 619 1894 invisos
657 1829 820 1894 habebant
859 1829 986 1894 nobiles
1021 1829 1106 1908 iilos,
1130 1830 1228 1914 patrii
1263 1829 1355 1895 fundi
1392 1829 1594 1910 desertores

360 1935 536 2013 perpetuos
549 1928 703 2013 principis
718 1927 873 2006 asseclas
885 1929 1079 2012 peregrinos
1093 1929 1250 2013 imprimis
1263 1927 1399 2006 aulicos,
1415 1931 1469 2014 qui
1483 1948 1596 1995 omnes

359 2026 469 2113 populi
482 2027 641 2112 sanguine
655 2026 898 2112 saginabantur,
919 2045 1098 2111 regemque
1124 2045 1142 2091 a
1157 2027 1276 2112 populo
1290 2046 1349 2091 suo
1365 2026 1593 2111 sejungebant.

401 2127 594 2210 Quanquam
608 2126 717 2211 igitur,
735 2125 776 2191 ob
791 2125 981 2190 modestiam
991 2144 1030 2190 ao
1044 2124 1262 2211 prudentiam,
1278 2124 1375 2190 bilem
1386 2143 1516 2190 ornnem
1528 2145 1595 2190 non

360 2222 509 2291 effuderit
532 2231 566 2290 et
590 2226 630 2289 de
644 2224 779 2309 singulis
800 2223 984 2289 bominibus
1007 2224 1061 2288 vel
1082 2224 1180 2288 rebus
1203 2241 1247 2288 ex
1269 2223 1428 2289 industria
1451 2227 1595 2310 asperio-

359 2323 449 2388 ribus
472 2324 676 2389 oontumeliis
689 2323 901 2400 abstinuerit,
917 2329 1027 2388 tamen
1050 2329 1157 2388 astute
1174 2341 1213 2387 ae
1239 2321 1357 2388 callida
1378 2323 1482 2387 ironia
1502 2342 1592 2399 usus,

359 2423 479 2499 aulam,
494 2423 603 2487 locum
615 2421 840 2498 deterrimum,
857 2421 979 2486 aulicos
994 2422 1170 2506 pessimum
1186 2439 1290 2506 genus
1303 2426 1406 2486 notat.

404 2518 488 2594 Quid
501 2519 588 2584 enim
602 2524 653 2584 est
667 2536 802 2602 magnos
816 2518 935 2583 sectari
951 2518 1013 2582 nisi
1026 2537 1062 2583 se
1076 2521 1241 2584 neminem
1253 2537 1327 2584 esse
1340 2518 1511 2604 profiteri?

540 2684 554 2719 a
574 2665 654 2728 Quod
668 2663 792 2735 sequeris
806 2679 897 2734 reges,
912 2680 1030 2735 magnus
1045 2665 1107 2729 tibi,
1121 2664 1218 2728 Paule,
1231 2663 1351 2720 videris:

640 2748 693 2810 Qui
707 2763 823 2817 magnos
837 2747 972 2818 seqnitur,
988 2747 1085 2812 Paule,
1099 2747 1220 2818 pusillus
1234 2747 1317 2802 bomo
1332 2752 1376 2801 est
1392 2747 1442 2801 »1.

360 2873 609 2942 Consultantem
625 2870 797 2956 quemdam
812 2892 831 2938 a
845 2872 982 2940 oolenda
996 2874 1072 2939 aula
1081 2871 1184 2938 libere
1196 2871 1343 2938 deterret
1355 2854 1374 2939 :²

614 3029 629 3064 a
646 3012 746 3066 Aulam
758 3011 862 3076 habita,
877 3011 974 3082 paucis
986 3011 1050 3064 aula
1064 3011 1179 3066 colenda
1190 3017 1281 3065 tamen
1295 3027 1320 3064 o.
1335 3011 1348 3052 ³

359 3138 496 3206 Solertis
519 3139 605 3203 enim
625 3146 674 3204 est
688 3139 827 3203 hominis
846 3143 996 3223 suspecta
1015 3137 1137 3203 habere
1157 3136 1243 3201 bona
1269 3156 1287 3200 a
1314 3137 1446 3221 regibus
1466 3141 1593 3203 temere

358 3255 535 3313 oonoessa,
566 3256 638 3320 quae
670 3235 750 3300 nihil
781 3233 976 3320 plerumque
1003 3233 1188 3320 proficiunt.
1217 3235 1378 3319 Exemplo
1407 3242 1458 3300 est
1487 3235 1593 3301 Aulus

359 3334 496 3420 Spurius
509 3335 576 3412 ille,
592 3334 690 3399 bomo
705 3333 840 3419 ignobili
862 3333 934 3398 loeo
950 3339 1053 3412 ortus,
1079 3335 1133 3418 qui
1148 3353 1167 3398 a
1180 3333 1325 3418 principe
1348 3331 1466 3398 divitiis
1481 3353 1594 3399 eumu-

359 3434 445 3499 latus
463 3440 584 3500 tantam
599 3433 689 3500 ferre
701 3433 865 3497 fortunam
879 3432 1045 3515 nequivit:

557 3589 571 3624 «
656 3571 772 3626 Divitias
786 3587 851 3642 ergo
865 3577 1003 3626 eonsumlt
1015 3572 1130 3642 Apicius
1143 3571 1214 3624 aiter

654 3654 744 3709 Aulus
763 3657 791 3706 et
804 3653 833 3706 in
846 3654 954 3707 eineres
967 3654 1059 3707 omnia
1072 3654 1154 3710 vertit
1166 3653 1294 3723 inops...
1312 3654 1325 3694 t
1338 3671 1362 3706 ».

400 3815 441 3829 -—
469 3780 595 3846 Canum
622 3786 699 3844 sunt
725 3779 819 3864 plura
846 3797 981 3864 genera,
1012 3799 1150 3865 quorum
1178 3780 1391 3846 deterrimum
1424 3787 1513 3847 oerte
1541 3788 1592 3846 est

357 3881 482 3947 aulicus
497 3880 586 3944 oanis
602 3900 610 3944 τ

638 4027 652 4062 «
672 4010 773 4065 Canem
787 4010 935 4074 sidereum,
950 4025 1046 4064 eanem
1060 4010 1207 4075 marinum,

672 4095 821 4148 Terrenum
835 4100 928 4147 metuo
942 4109 1048 4158 canem,
1066 4093 1258 4165 infernumque
1270 4111 1276 4160 ;

672 4177 781 4231 Etcum
794 4182 836 4230 tot
849 4178 960 4229 timeam
974 4192 1067 4240 canes,
1081 4181 1110 4229 at
1123 4192 1196 4230 unus

668 4257 784 4313 Aulieus
798 4259 886 4328 magis
899 4263 942 4312 est
954 4258 1031 4312 canis
1044 4259 1184 4313 timendus
1197 4257 1209 4297 ⁸
1228 4275 1252 4310 a.

389 4480 400 4519 ¹
418 4483 469 4552 Ep.
485 4480 533 4546 ΙΙΙ,
547 4481 572 4535 2.
588 4510 619 4521 -
632 4479 741 4535 [audes
754 4481 811 4535 fere
827 4481 936 4535 easdem
951 4480 998 4534 dat
1011 4481 1170 4552 christoph.
1186 4482 1312 4545 Tbuano,
1327 4481 1379 4551 idp.
1395 4481 1416 4546 Ι,
1425 4482 1467 4536 48.

389 4564 402 4604 ²
419 4566 467 4630 111,
480 4565 522 4620 43.
535 4564 579 4619 Ad
594 4563 720 4620 Paulum.

389 4647 401 4688 ³
417 4647 440 4711 Ι,
452 4647 495 4702 60.
510 4645 554 4701 Ad
568 4648 701 4701 Macrum.
716 4677 748 4686 -
766 4646 808 4701 cf.
822 4646 870 4714 111,
883 4646 925 4702 50.
940 4645 984 4700 Ad
998 4645 1147 4702 lodoicum
1157 4645 1285 4716 Regium.

388 4729 468 4798 ‘Ep
482 4730 530 4794 III,
542 4730 570 4794 9,
583 4729 728 4784 inAulum
741 4728 882 4800 Spurium.

387 4810 399 4850 ὅ
416 4811 476 4876 Vn,
494 4811 553 4875 106,
565 4812 595 4864 in
606 4812 748 4867 Aulienm.
