3614 5442
811 471 941 526 ..61-

253 685 404 771 profiteri
417 705 454 752 se
469 688 520 752 sui
537 687 623 771 juris
641 705 727 759 esse,
757 684 812 750 vel
839 685 980 769 antiquis
1014 703 1215 752 succensere
1230 687 1284 770 qui
1311 704 1385 750 eum
1412 705 1493 751 vere

253 785 358 851 furati
372 793 472 852 suni:

851 959 867 992 <r
934 941 968 996 Di
982 941 1053 995 male
1065 941 1192 1011 perdant,

588 1025 727 1095 Antiquos
741 1042 802 1079 mea
816 1025 863 1093 qui
877 1025 1043 1094 praeripuere
1057 1025 1124 1078 mihi
1138 1043 1162 1078 u.
1182 1025 1191 1064 ¹

255 1193 395 1258 Certum
430 1193 516 1255 enim
548 1198 599 1256 est
620 1198 768 1256 nostrum
798 1192 979 1275 parciorem
1006 1198 1155 1256 veterum
1178 1192 1283 1256 iurem
1306 1192 1491 1266 exstitisse,

254 1294 463 1356 rarissimum
476 1292 688 1373 interpretem
705 1292 731 1366 ²,
746 1289 940 1375 discipulum
968 1290 1170 1375 plerumque,
1195 1289 1254 1354 sed
1276 1310 1350 1355 eum
1374 1292 1428 1374 qui
1442 1292 1494 1355 sui

254 1410 391 1475 compes
406 1393 538 1455 omnino
552 1390 648 1454 feret.

300 1514 521 1596 Pasquierius‚
542 1519 598 1578 aut
619 1532 681 1598 ege
698 1512 807 1588 fallor,
832 1514 865 1576 iu
887 1512 995 1578 latinis
1019 1511 1227 1590 carminibus,
1251 1531 1436 1596 quanquam
1460 1515 1492 1576 in

253 1613 315 1676 illc
341 1631 464 1696 genere
490 1611 599 1676 multis
623 1613 727 1697 imper
749 1612 817 1687 fuit,
853 1631 1036 1696 quanquam
1072 1611 1169 1675 nullis
1192 1611 1261 1675 fere
1283 1612 1369 1676 vitiis
1390 1616 1491 1686 cerei,

255 1710 434 1775 nonnullas
460 1718 585 1776 naturae
617 1732 684 1775 snae
718 1714 855 1777 virtutes
884 1712 1057 1796 expressit,
1074 1711 1307 1796 ingenuitatem
1333 1711 1431 1775 simul
1456 1729 1494 1775 ac

254 1808 483 1886 subtilitatem,
514 1810 722 1885 hilaritatem,
746 1811 935 1890 lasciviam3
962 1830 1074 1876 senam
1101 1817 1133 1875 et
1156 1811 1255 1874 animi
1277 1810 1492 1874 constantiam

254 1909 469 1994 approbavit:
485 1910 530 1974 ite
540 1917 587 1984 ut,
599 1911 626 1974 si
637 1929 702 1972 nnn
719 1910 885 1975 meliorem
895 1912 945 1974 sui
960 1918 1083 1992 partem
1098 1910 1188 1974 hisce
1193 1910 1279 1994 jocis
1288 1909 1491 1993 produxerit,

255 2006 345 2091 qnod
359 2014 468 2072 tamen
483 2007 758 2093 deprehendimus
775 2015 863 2074 tante
876 2010 947 2073 vire
962 2028 1027 2074 nou
1041 2008 1208 2094 indignum
1229 2008 1387 2073 videatur.
1489 2036 1495 2046 ·

291 2375 302 2414 ¹
317 2375 411 2446 epigr.
426 2378 460 2438 v,
475 2376 532 2430 118.

291 2491 304 2529 ²
318 2493 414 2562 Comp.
431 2492 638 2556 Buehanenum,
653 2493 741 2562 quiin
754 2492 847 2546 latinis
866 2494 1034 2547 carminibus
1058 2497 1164 2548 veteres
1187 2492 1340 2563 saepissime
1361 2493 1495 2562 interpre-

256 2580 342 2638 tatur,
356 2575 480 2629 imitatur
493 2591 610 2645 semper.
