3614 5442
922 508 1051 564 -52-

370 715 447 795 puto
489 709 688 774 severiorem
724 708 919 774 sententiam
959 711 1117 794 exemplis
1161 709 1284 793 aliquot
1323 716 1356 774 et
1396 716 1602 797 argumentis

371 809 467 873 tueri.

409 1001 564 1070 Referam
578 1005 677 1088 igitur
693 1004 808 1088 quibus
823 1005 986 1090 praecipue
1001 1006 1086 1069 vitiis
1104 1025 1185 1090 opus
1200 1013 1311 1071 noster
1325 1007 1479 1072 infecerit
1493 1029 1602 1088 suum,

368 1142 410 1152 -
437 1106 506 1169 sive
534 1107 649 1169 contra
676 1110 811 1169 rectum
832 1103 1016 1186 judicium
1043 1106 1239 1189 peccaverit,
1268 1142 1310 1152 —
1337 1125 1396 1170 seu
1424 1104 1518 1190 leges
1547 1114 1604 1172 aut

368 1204 543 1271 scribendi
558 1210 620 1269 act
633 1203 857 1286 versificandi
872 1203 1065 1268 violaverit.

410 1402 443 1468 Si
477 1403 547 1485 quis
585 1403 675 1466 varia
712 1401 926 1486 componendi
962 1421 1001 1466 ac
1038 1401 1200 1465 scribendi
1236 1403 1314 1466 vitia
1352 1403 1467 1486 quibus
1502 1402 1604 1468 latina

368 1503 549 1586 Pasquierii
563 1503 707 1565 carmina
721 1499 928 1564 maculantur
941 1499 980 1562 ad
996 1519 1097 1563 unum
1112 1498 1272 1563 reducere
1288 1499 1440 1576 voluerit,
1471 1520 1604 1565 causam

368 1600 519 1664 adunam
535 1617 648 1662 omnes
663 1616 794 1662 errores
809 1599 1026 1675 revocaverit,
1043 1599 1069 1661 is
1102 1616 1229 1661 mecum
1250 1599 1296 1680 (ut
1319 1600 1408 1683 puto)
1431 1599 1605 1664 concludet

368 1706 527 1775 nostrum,
544 1695 697 1780 quidquid
711 1697 907 1781 peccaverit,
924 1715 1077 1781 peccasse
1092 1697 1133 1760 ob
1162 1698 1293 1760 nimiam
1317 1696 1544 1772 eruditionem,
1561 1699 1604 1762 ob

367 1796 570 1861 immodicam
586 1801 734 1860 veterum
749 1794 947 1858 Italorumve
969 1795 1193 1858 imitationem.
1211 1796 1331 1860 Peccat
1345 1797 1432 1860 enim
1448 1797 1605 1879 Pasquie-

367 1898 435 1960 rius
450 1895 641 1979 plerumque
664 1895 737 1976 quia
760 1892 964 1976 simplicitate
979 1899 1081 1970 caret,
1106 1911 1169 1957 nec
1191 1913 1246 1957 res
1270 1895 1412 1978 ingenue
1436 1896 1601 1979 exprimit,

368 1993 425 2060 sed
441 2001 555 2058 contra
568 2000 624 2057 aut
633 1993 823 2076 ambagibus
833 1993 934 2058 utitur
946 2013 1009 2076 quo
1019 1994 1210 2076 exquisitius
1220 1993 1382 2077 loquatur,
1395 2000 1450 2057 aut
1459 1993 1603 2079 pueriles

368 2114 406 2158 ac
421 2092 546 2178 putidas
561 2090 690 2158 dicendi
705 2097 792 2156 artes
807 2091 948 2168 adhibet,
967 2112 1030 2175 quc
1054 2091 1169 2155 melius
1192 2094 1315 2174 ingenii
1339 2112 1476 2157 acumen
1500 2093 1603 2158 doctis

368 2193 535 2278 approbet.
552 2190 645 2256 Unde
659 2190 696 2254 lit
710 2197 745 2254 ut
758 2209 893 2274 perraro
908 2195 1058 2254 naturam
1073 2209 1165 2254 suam
1180 2192 1413 2274 ingeniumque
1437 2193 1603 2257 sincerum

368 2292 532 2367 exhibeat,
562 2309 735 2375 personam
765 2296 872 2353 autem
905 2307 1035 2381 semper
1057 2288 1128 2354 fere
1152 2289 1291 2354 alienam
1315 2309 1415 2374 agere
1438 2289 1600 2368 videatur,

368 2390 463 2455 modo
479 2389 625 2472 discipuli
641 2389 707 2472 qui,
725 2389 954 2472 magistrorum
970 2387 1054 2453 dicto
1070 2387 1284 2466 obedientior,
1302 2387 1493 2453 scholastica
1523 2390 1602 2455 vitia

369 2491 445 2555 dcun
468 2487 608 2572 effingit,
641 2488 673 2549 in
694 2486 786 2571 pejus
815 2485 982 2571 provehit;
1014 2486 1110 2550 modo
1139 2487 1316 2571 perurbani
1345 2488 1513 2571 cujusdam
1546 2490 1601 2572 qui

368 2588 565 2653 urbanorum
582 2590 786 2649 venustatem
801 2585 897 2668 paulo
912 2585 1116 2648 invenustius
1131 2586 1287 2650 imitatur.

408 2688 531 2754 Vitium
553 2683 665 2748 forsan
699 2684 908 2768 praecipuum,
934 2684 1047 2746 vitium
1071 2690 1161 2748 certe
1183 2683 1299 2750 lectori
1320 2685 1599 2767 molestissimum,

367 2785 532 2873 quodjam
547 2803 613 2847 non
627 2780 730 2846 semel
745 2784 939 2860 notavimus
957 2780 1041 2865 quod
1057 2780 1213 2866 pleraque
1225 2791 1374 2866 poemata
1382 2785 1495 2864 foedat,
1506 2785 1604 2851 furor

366 2890 427 2952 iste
443 2891 493 2950 est
507 2903 573 2949 non
587 2902 642 2947 res
665 2881 853 2965 simpliciter
877 2880 1077 2958 traducendi,
1108 2881 1165 2946 sed
1189 2882 1291 2947 verba
1314 2883 1472 2961 mutandi,
1499 2886 1603 2952 verba

269 3026 272 3032 ,
366 2987 476 3051 verbis
489 2983 579 3049 nulla
594 2982 788 3048 necessitate
799 2979 992 3065 opponendi,
1006 2980 1205 3065 vocabulain
1215 2982 1320 3046 varias
1329 2989 1438 3068 partes
1454 2984 1599 3064 secandi,

366 3084 452 3149 unde
466 3081 609 3169 pueriles
623 3100 735 3145 rerum
756 3079 981 3144 similitudines
1011 3079 1127 3144 trahat.
1153 3081 1298 3155 Quarum
1323 3081 1515 3167 ineptiarum
1538 3085 1602 3148 etsi

366 3187 504 3271 plurima
531 3184 648 3267 passim
673 3192 705 3246 et
727 3181 944 3265 insignissima
968 3179 1118 3264 exempla
1143 3179 1321 3258 attulimus
1347 3181 1454 3266 placet
1488 3190 1600 3247 tamen

365 3304 465 3348 unum
481 3288 535 3346 aut
550 3280 690 3345 alterum
699 3278 853 3362 adjicere,
870 3298 912 3343 ne
922 3280 1007 3344 forte
1017 3285 1127 3347 cetera
1132 3278 1201 3364 jam
1215 3279 1400 3363 legentibus
1412 3301 1430 3346 e
1442 3284 1600 3347 memoria

366 3380 568 3448 excesserint
583 3379 609 3441 ¹.

406 3487 487 3553 Vult
494 3491 590 3571 poeta
604 3483 769 3568 explicare
784 3503 864 3566 quas
879 3483 920 3548 ob
935 3503 1049 3548 causas
1063 3490 1096 3548 et
1111 3485 1215 3548 Latini
1230 3491 1263 3548 et
1278 3486 1362 3552 Galli
1372 3488 1519 3553 arbitrati
1535 3490 1601 3555 sint

364 3590 398 3651 in
423 3585 526 3652 corde
556 3602 628 3648 esse
656 3581 767 3646 sedem
795 3583 1045 3664 cogitationum:
1072 3580 1239 3647 mirificam
1265 3587 1371 3649 statim
1403 3587 1599 3670 imaginatur

365 3684 613 3770 explicationem
641 3699 737 3765 quam
767 3698 808 3743 ex
836 3679 1002 3744 vocabulis
1027 3682 1103 3764 ipsis
1130 3681 1171 3746 ad
1194 3683 1363 3748 arbitrium
1401 3687 1528 3751 vexatis
1565 3693 1599 3752 et

365 3785 506 3850 discissis
523 3783 629 3847 ducit:

619 3929 634 3962 c
656 3949 697 3964 ...
719 3910 800 3972 Quod
814 3908 837 3963 si
851 3925 866 3961 a
880 3925 999 3978 corpore
1016 3909 1167 3982 dempseris
1182 3929 1231 3966 cor
1244 3914 1337 3984 ipsum

653 3995 701 4050 Nil
713 3993 767 4046 nisi
780 3992 896 4056 saniem,
911 3994 1123 4059 excreationem,

653 4080 684 4132 ln
698 4093 806 4130 summa
818 4075 872 4129 nisi
885 4076 942 4129 Pus
959 4077 1009 4130 tibi
1023 4078 1191 4148 relinques»
1205 4079 1226 4132 ².

363 4259 404 4270 —
432 4219 559 4286 Bellum
589 4226 622 4284 et
647 4217 765 4282 litteris
793 4218 870 4302 ipsis
897 4215 1018 4295 indicit,
1050 4239 1129 4302 quas
1159 4237 1201 4283 ex
1227 4220 1397 4286 voluntate
1417 4192 1515 4288 secat
1542 4230 1599 4289 aut

395 4493 406 4533 1
426 4497 485 4548 Hoc
497 4493 594 4547 vitium
608 4496 687 4545 sueta
700 4489 808 4543 dicendi
821 4489 968 4558 asperitate
982 4489 1113 4560 corripuit
1134 4491 1260 4545 Garasse.
1286 4494 1319 4546 V.
1339 4509 1354 4544 <r
1379 4495 1417 4547 La
1438 4492 1597 4548 Recherche

362 4580 412 4632 des
426 4574 599 4632 Recherches
613 4593 638 4638 ›>,
655 4575 728 4637 1622,
742 4573 790 4626 lib.
806 4573 872 4638 lI,§
893 4573 936 4626 23.
959 4573 1019 4626 «Je
1044 4588 1114 4625 vous
1136 4572 1179 4626 dis
1201 4590 1254 4642 que
1276 4575 1352 4628 siles
1373 4575 1511 4629 Modalles
1533 4581 1597 4628 sont

361 4661 492 4731 appclees
505 4675 554 4729 par
575 4658 708 4728 quelques
731 4655 924 4710 Dialecticiens
942 4654 1087 4724 pistrinum
1101 4655 1284 4723 ingeniorum,
1298 4658 1340 4710 les
1353 4672 1546 4725 anagrammes
1561 4655 1595 4708 de

360 4745 400 4799 M.
416 4742 549 4811 Pasquier
561 4746 625 4795 sont
639 4739 789 4795 Pistrinum
802 4737 911 4808 pistrini
924 4743 978 4790 etc.
992 4753 1017 4790 ›>.

392 4841 405 4882 ²
422 4840 515 4910 Epigr.
530 4842 577 4905 IV,
591 4841 617 4894 6.
631 4857 646 4892 c
660 4840 714 4894 Cor
727 4856 752 4892 r.

529 5314 958 5418 ,Q
