3614 5442
931 377 1046 434 ..8.-

419 579 549 644 Vanam
570 577 743 660 poeticam
764 576 954 660 Pasquierio
980 582 1111 642 tenuem
1138 574 1240 641 tuisse
1265 593 1397 651 consec,
1421 592 1609 666 quanquam

307 691 310 696 ·
372 675 531 760 plurimos
544 676 655 760 lingua
668 681 805 758 utraque
818 689 935 739 versus
948 675 1089 760 scripsit,
1105 691 1167 739 nec
1190 693 1289 738 unum
1309 674 1415 738 ferme
1433 671 1517 738 diem
1534 675 1608 737 sine

372 775 460 840 linea
473 773 690 861 praetermisit.
719 775 942 858 Praeterquam
963 773 1049 858 quod
1065 775 1215 857 poeticen
1239 792 1305 837 non
1325 775 1420 837 unice
1435 771 1608 857 amplexus

373 881 424 940 est
447 872 543 958 (quod
558 873 629 937 veri
644 879 749 957 poetae
763 873 929 957 proprium
944 873 1014 954 est),
1031 869 1088 937 sed
1098 871 1216 936 ceteris
1226 871 1314 935 curis
1326 870 1607 954 adjunxitsociam

374 972 481 1050 modo,
497 991 562 1036 non
575 971 750 1048 dominam,
766 970 851 1036 baud
868 972 912 1036 ita
929 978 1046 1036 natura
1063 976 1133 1035 erat
1155 970 1331 1034 instructus
1346 976 1380 1034 ut
1397 989 1450 1034 res
1470 989 1607 1054 magnas

373 1091 412 1137 ac
437 1090 539 1136 novas
565 1070 717 1155 fingeret,
745 1070 878 1135 altiores
912 1072 1010 1135 animi
1042 1075 1149 1134 motus
1177 1069 1386 1154 exprimeret.
1412 1069 1608 1136 Subtilitatis

374 1172 416 1248 ei,
441 1176 474 1236 et
493 1168 621 1255 judicii,
645 1175 677 1234 et
700 1169 894 1234 amoenitatis
921 1169 1050 1234 abunde
1078 1172 1160 1244 orat,
1189 1187 1251 1233 nec
1274 1167 1388 1232 deerat
1414 1168 1608 1250 exquisitior

374 1289 483 1334 rerum
510 1267 761 1332 domesticarum
788 1287 915 1344 sensus,
943 1268 1057 1353 patriae
1087 1285 1189 1345 amor,
1217 1266 1386 1350 religionis
1403 1261 1604 1332 reverentia.

373 1371 494 1434 Deerat
538 1373 647 1432 tamen
681 1366 779 1431 animi
815 1367 906 1431 calor
939 1367 1050 1431 nescio
1085 1367 1168 1450 quis,
1212 1366 1345 1449 spiritus
1385 1363 1515 1448 quidam
1550 1365 1606 1448 qui

374 1488 472 1555 supra
495 1487 548 1533 res
572 1486 762 1532 communes
778 1467 938 1544 aufertur,
961 1486 1054 1532 meus
1081 1466 1222 1549 denique
1246 1466 1303 1530 illa
1327 1467 1435 1531 divina
1459 1484 1522 1551 qua
1546 1483 1608 1550 per

373 1568 547 1634 intervalla
574 1567 723 1632 homines
755 1564 901 1651 ejusdem
938 1567 1104 1651 temporis,
1136 1567 1233 1631 etiam
1270 1567 1410 1650 negotiis
1446 1565 1604 1649 impediti,

373 1665 549 1750 aliquando
572 1684 670 1749 supra
693 1684 728 1730 se
751 1666 812 1748 ipsi
835 1665 912 1730 elati
934 1670 1021 1729 sunt.
1040 1665 1160 1730 Noster
1182 1683 1262 1729 sane
1284 1665 1356 1748 plus
1379 1665 1478 1728 nimio
1505 1683 1606 1727 musae

373 1765 516 1851 pedestri
531 1783 605 1830 sese
620 1763 721 1840 dedit,
737 1782 799 1828 nec
816 1767 906 1848 poesi
932 1762 1018 1847 quod
1042 1763 1158 1828 melius
1172 1764 1205 1826 in
1221 1782 1256 1827 se
1272 1771 1328 1827 aut
1344 1765 1449 1828 rarius
1467 1762 1607 1827 habebat

374 1866 568 1930 reservavit.
601 1863 718 1928 Sanam
747 1863 848 1946 igitur
876 1869 1018 1926 mentem
1047 1880 1086 1926 ac
1113 1861 1207 1926 scriis
1234 1861 1334 1926 rebus
1356 1867 1477 1938 natam,
1502 1861 1607 1927 hilare

374 1962 538 2029 interdum
559 1968 592 2027 et
611 1963 832 2028 acutissimum
851 1962 1018 2046 ingenium
1039 1961 1140 2026 luisse
1164 1962 1354 2044 Pasquierio
1378 1967 1517 2041 constat,
1541 1979 1606 2024 non

374 2082 411 2127 os
426 2081 545 2147 magna
560 2067 763 2140 senmurum,
780 2081 846 2126 non
862 2066 986 2146 pectus.

415 2183 451 2249 ld
465 2185 565 2270 igitur
579 2191 672 2250 extra
687 2185 819 2249 dubium
833 2191 987 2250 statutum
1002 2185 1055 2262 sit,
1078 2184 1304 2268 Pasquierium
1326 2184 1454 2268 poetico
1475 2181 1607 2264 ingenio

376 2283 584 2349 mediocriter
606 2283 772 2357 valuisse„
793 2303 855 2348 nec
881 2284 967 2349 aliud
997 2304 1039 2348 ex
1064 2285 1198 2369 poeticis
1224 2283 1311 2348 ludis
1333 2283 1487 2367 petivisse
1510 2301 1608 2365 quam

376 2382 475 2447 animi
488 2381 701 2447 reiectionem
716 2401 781 2445 non
796 2383 1014 2458 invenustam,
1039 2390 1137 2467 atque
1159 2385 1257 2447 etiam
1284 2381 1370 2446 docti
1392 2388 1425 2445 et
1447 2379 1608 2464 ingeniosi

374 2480 437 2544 viri
455 2479 585 2543 famam.
602 2479 706 2554 Quam
721 2479 850 2544 laudem
865 2486 953 2544 certe
968 2485 1000 2543 et
1014 2481 1133 2544 meruit
1148 2485 1181 2544 et
1194 2481 1329 2565 adeptus
1343 2485 1403 2545 est.

416 2685 488 2750 Jam
502 2689 664 2749 maturum
679 2692 729 2750 est
742 2685 783 2750 ad
801 2685 870 2769 ipsa
884 2691 1031 2767 poemata
1051 2686 1175 2763 venire,
1193 2706 1253 2771 per
1269 2705 1393 2771 genera
1407 2683 1607 2760 examinare,

376 2783 453 2867 quid
480 2783 556 2848 boni
577 2785 665 2863 insit,
692 2784 767 2869 quid
794 2785 897 2869 pravi,
923 2804 1003 2869 quas
1024 2804 1079 2850 ros
1105 2787 1295 2851 tractaverit
1316 2793 1423 2870 poeta.
1448 2783 1498 2848 Ad
1525 2783 1610 2846 hanc

376 2885 484 2968 operis
511 2884 631 2969 incepti
655 2890 781 2970 partem
818 2882 1021 2962 accedamus
1055 2891 1224 2969 postquam
1251 2892 1360 2950 tamen
1387 2883 1609 2949 notaverimus

376 2999 541 3065 nunquam
567 2981 689 3065 majora
714 2982 824 3046 latinae
846 3000 982 3066 poeseos
1009 3002 1131 3067 genera
1160 2984 1337 3048 tentavisse
1369 2979 1607 3066 Pasquierium,

377 3078 530 3144 videlicet
546 3079 666 3164 ingenii
683 3079 897 3145 mediocritati
920 3100 1034 3166 parum
1057 3081 1300 3149 accommodata
1312 3102 1319 3158 ;
1347 3101 1410 3146 nec
1433 3078 1609 3163 quidquam

376 3176 429 3241 vel
443 3179 476 3242 in
495 3177 672 3244 minoribus
687 3179 872 3260 novavisse,
888 3180 945 3246 sed
962 3181 1084 3246 formas
1094 3179 1288 3268 jamdudum
1304 3185 1450 3245 assuetas
1468 3186 1501 3244 et
1516 3180 1610 3244 tritas

379 3282 502 3344 tantum
521 3279 742 3364 usurpavisse:

420 3400 555 3485 Scripsit
569 3403 655 3467 enim
674 3427 692 3461 a
710 3403 877 3468 Tomeros
893 3427 921 3480 s,
943 3403 1070 3488 scripsit
1088 3428 1106 3463 a
1122 3405 1280 3481 leones»,
1303 3423 1374 3486 quae
1390 3421 1511 3488 garrera
1534 3409 1610 3466 tunc

378 3501 534 3585 temporis
547 3499 721 3565 admodum
735 3499 897 3566 florebant
911 3503 936 3562 ¹.
955 3502 1001 3565 De
1016 3502 1161 3566 Tumulis
1175 3503 1275 3586 igitur
1291 3509 1325 3567 et
1338 3501 1489 3568 leonibus
1508 3519 1608 3586 pauca

378 3606 502 3665 tantum
526 3599 682 3665 dicemus.
699 3601 825 3664 Diutius
835 3601 868 3664 in
882 3601 1193 3685 Eptprommutem
1205 3602 1299 3667 libris
1314 3602 1525 3678 morabimur,
1537 3621 1609 3686 quae

378 3717 454 3784 pars
475 3698 593 3784 poetici
607 3700 712 3783 operis
734 3700 837 3763 multo
856 3700 979 3782 gratior
993 3705 1053 3777 est,
1078 3717 1188 3764 rerum
1211 3701 1349 3785 plenior,
1376 3706 1407 3764 et
1429 3699 1485 3764 ubi
1506 3698 1609 3784 magis

378 3799 588 3886 Pasquiarius
607 3804 749 3862 mentem
763 3799 890 3883 aperuit
903 3817 1005 3875 suam,
1023 3799 1189 3882 ingenium
1206 3800 1409 3884 approbavit.

419 3920 455 3988 ld
469 3922 601 3988 demum
614 3922 777 4006 supererit
792 3928 829 3986 ut
841 3921 881 3988 de
894 3921 1003 3988 latinis
1025 3922 1207 4005 Pasquierii
1231 3923 1429 3990 carminibus
1446 3925 1609 4010 judicium

379 4021 566 4108 prodamus

411 4357 423 4396 ¹
437 4358 474 4412 Cf
486 4359 558 4412 J.-A.
573 4355 607 4410 de
620 4354 710 4420 Thou,
725 4355 769 4424 (de
782 4355 845 4409 Vita
859 4356 924 4418 Sua,
940 4373 967 4426 p.
981 4356 1040 4412 610.
1051 4357 1100 4410 Ed.
1112 4355 1254 4410 Pantheon
1263 4357 1416 4424 Litterarre,
1426 4360 1514 4415 annea
1525 4361 1609 4430 1582).

379 4440 453 4496 Patri
465 4439 594 4493 defuncto
607 4443 784 4491 monumenta
798 4437 852 4490 duo
867 4438 997 4506 erigenda
1009 4438 1125 4502 curavit,
1134 4455 1219 4492 unum
1230 4455 1364 4493 marmore
1371 4441 1483 4506 factum,
1493 4442 1609 4500 alterum

378 4521 474 4577 latinis
487 4521 654 4576 carminibus
672 4520 864 4591 compositum.
881 4549 912 4559 —-
927 4519 1031 4574 Gallica
1049 4521 1130 4575 etiam
1145 4519 1284 4592 epitaphia
1299 4521 1409 4593 scripsit
1421 4525 1608 4596 Pasquierius.

379 4607 413 4660 V.
430 4606 513 4662 OEuv.
530 4607 561 4658 T.
579 4607 613 4669 ΙΙ,
628 4622 655 4676 p.
670 4605 730 4669 925,
745 4620 787 4674 sq.
