3614 5442
903 519 1033 574 -50-

350 721 461 799 fuerit,
486 720 612 786 etiamsi
639 725 744 804 poetae
771 736 892 783 nomen
916 719 1141 804 ignoraverint
1169 719 1194 782 ¹.
1218 718 1281 783 Rei
1304 723 1412 784 autem
1434 719 1583 805 exempla

350 819 444 886 atiert
457 821 596 904 plu1ima
613 819 730 906 quibus
744 823 871 884 constat
882 823 986 903 poetae
999 817 1119 883 famam
1134 822 1167 882 et
1185 818 1372 902 parisiensis
1386 817 1449 882 fori
1459 816 1541 882 fines
1551 825 1584 883 et

350 919 467 987 Gallici
493 920 588 1004 regni
614 922 770 984 terminos
793 924 1046 1003 transgressam,
1072 916 1237 1001 usquead
1261 915 1456 1002 longinquas
1478 923 1585 983 terras

352 1018 545 1083 evolavisse.
575 1017 642 1082 los.
667 1017 776 1082 Molaei
793 1016 998 1100 Epitaphium
1022 1035 1041 1080 a
1067 1017 1104 1079 P.
1129 1005 1254 1080 Pithaeo
1276 1035 1379 1100 usque
1402 1017 1436 1079 in
1467 1016 1586 1101 hyper·
1655 1005 1658 1010 ’

350 1118 470 1183 boraeis
504 1116 649 1181 Polcniae
685 1117 751 1180 oris
786 1122 819 1180 et
846 1117 979 1195 lectum,
1016 1121 1049 1180 et
1081 1113 1251 1198 probatum
1279 1121 1340 1181 est.
1377 1115 1585 1199 Epitaphium

351 1215 504 1296 alterum,
520 1213 662 1300 lepidum
676 1214 765 1291 satis,
782 1211 869 1278 haud
884 1220 992 1278 tamen
1008 1212 1188 1297 perfectum
1203 1215 1228 1289 ²,
1239 1211 1279 1276 ad
1288 1213 1436 1278 Venetos
1450 1214 1586 1278 allatum

352 1322 488 1381 estnec
514 1314 554 1378 ab
585 1313 648 1378 illis
679 1313 878 1396 despectum.
906 1313 991 1386 Quin
1018 1318 1051 1376 et
1077 1311 1180 1376 Guisii
1207 1311 1298 1375 ducis
1325 1335 1344 1372 «
1361 1311 1517 1376 Tumulus
1534 1313 1583 1389 »³‚

353 1415 449 1480 Blaesi
464 1413 671 1498 compositus
687 1431 772 1477 anno
783 1412 1060 1487 MDLXXXVlll,
1076 1411 1215 1475 Romam
1225 1430 1328 1493 usque
1342 1411 1586 1496 transmigravit

352 1519 386 1580 et
400 1514 434 1576 in
452 1511 506 1577 illa
520 1511 687 1577 latinitatis
701 1511 815 1595 patria,
833 1528 851 1574 a
866 1528 993 1574 summo
1020 1508 1177 1573 Pontifioe
1192 1508 1282 1573 Sixto
1297 1509 1329 1574 V
1353 1509 1584 1594 comprobatus

352 1619 413 1678 est.

395 1734 458 1798 Sua
492 1733 684 1817 Pasquierio
711 1730 815 1815 gloria
848 1728 1005 1794 molestiae
1034 1728 1198 1794 interdum
1221 1729 1292 1793 fuit.
1317 1728 1473 1803 Queritur
1496 1731 1585 1795 enim

353 1832 471 1899 alicubi
485 1856 504 1893 «
518 1833 620 1896 simiis
633 1829 789 1895 refertam
805 1849 877 1894 esse
893 1829 1029 1894 Galliam
1045 1829 1057 1872 ⁸
1075 1855 1102 1903 »,
1116 1829 1156 1894 iis
1166 1830 1290 1894 scilicet
1302 1828 1515 1894 imitatoribus
1529 1831 1585 1913 qui

353 1952 411 1998 sua
425 1937 609 1997 commenta
623 1937 728 2015 poetae
747 1929 944 1994 carminibus
959 1928 1182 1994 inverecunde
1197 1929 1449 2013 subjungebant.

395 2032 531 2097 Constat
557 2031 656 2114 igitur
683 2029 897 2112 Pasquierum
925 2045 1057 2111 operam
1086 2046 1152 2090 non
1180 2029 1312 2092 omnino
1342 2026 1523 2112 perdidisse
1558 2030 1584 2105 ⁵,

353 2129 482 2214 quando
498 2129 598 2194 otium
613 2126 832 2211 scriptitandis
847 2126 997 2190 versibus
1011 2127 1119 2190 latinis
1139 2124 1238 2204 dedit,
1259 2125 1316 2190 sed
1337 2127 1462 2190 existis
1485 2125 1582 2202 ludis,

348 2231 446 2316 jocis,
462 2229 590 2313 ineptiis
603 2227 722 2293 famam
738 2227 799 2292 sibi
818 2234 851 2292 et
864 2226 948 2310 apud
962 2225 1104 2311 aequales
1123 2233 1155 2292 et
1169 2225 1257 2310 apud
1277 2233 1426 2310 posteros
1452 2247 1586 2312 compa-

351 2349 486 2396 ravtsse.

393 2453 602 2528 Quinimmo,
620 2449 692 2534 plus
705 2448 810 2514 laudis
824 2455 1019 2514 consecutus
1034 2455 1084 2514 est
1104 2449 1215 2513 latinis
1238 2449 1446 2526 carminibus
1471 2451 1584 2534 paucis

351 2551 480 2637 quidem
497 2555 530 2614 et
543 2549 760 2625 brevioribus
773 2568 869 2631 quam
889 2547 1018 2613 infinita
1043 2550 1133 2633 copia
1153 2549 1209 2613 illa
1231 2548 1428 2614 Gallicorum
1454 2569 1586 2634 poema-

350 2657 430 2714 tum.
452 2647 560 2714 Credo
582 2645 732 2730 equidem
754 2647 992 2730 Pasquierium,
1018 2649 1045 2710 si
1070 2647 1142 2731 quis
1166 2648 1284 2712 latinos
1311 2668 1428 2713 versus
1452 2648 1585 2714 Gallicis

349 2746 558 2833 praetulisset,
591 2764 766 2828 coramque
798 2745 943 2818 dixisset,
973 2743 1133 2830 judicium
1166 2745 1253 2810 istud
1284 2747 1478 2813 admiratum
1509 2767 1584 2812 esse

350 2846 446 2910 simul
460 2853 493 2910 et
508 2846 755 2910 stomachatum.
773 2845 898 2929 Nempe
915 2852 951 2910 ut
965 2864 1082 2909 versus
1098 2845 1213 2910 latinos
1232 2847 1455 2931 componendo
1475 2847 1583 2912 debita

350 2945 499 3010 solvebat
520 2946 676 3029 temporis
698 2945 782 3008 mori
804 2945 941 3028 usuique
965 2945 990 3021 ⁶,
1013 2946 1057 3008 ita
1079 2946 1275 3029 praecipuam
1298 2952 1388 3011 certe
1410 2946 1541 3012 laudem
1563 2967 1584 3012 a

350 3045 474 3110 Gallica
489 3047 579 3129 poesi
594 3043 736 3128 petebat,
749 3049 781 3108 et
795 3044 895 3127 longe
909 3042 1023 3107 aberat
1045 3043 1085 3108 ab
1100 3044 1251 3128 opinione
1265 3043 1470 3110 celeberrimi
1491 3044 1585 3110 latini

381 3343 391 3382 t
410 3343 509 3413 Epist,
525 3343 572 3396 lib.
587 3345 655 3398 XIX
670 3361 676 3407 ;
701 3361 742 3412 ep.
759 3344 787 3396 11
808 3345 843 3395 ad
855 3346 919 3397 Ant.
936 3345 1106 3413 Loysellum,
1123 3350 1142 3396 t.
1157 3346 1194 3409 ll,
1208 3362 1235 3414 p.
1249 3345 1316 3399 557:
1336 3347 1395 3400 oie
1412 3361 1483 3400 vous
1504 3347 1583 3418 diray

349 3427 490 3494 donoques
510 3425 576 3494 qu'il
598 3442 632 3478 ne
647 3427 726 3479 m’est
745 3427 845 3493 jamais
858 3425 965 3480 advenu
981 3427 1014 3479 de
1027 3428 1095 3480 faire
1110 3428 1244 3497 quelques
1258 3429 1456 3482 eschantillons
1471 3446 1505 3481 en
1520 3446 1583 3484 vers

348 3509 466 3574 franceis
479 3524 514 3561 ou
528 3508 611 3560 latins
626 3523 674 3560 sur
696 3508 787 3560 l'estat
802 3508 914 3575 general
936 3509 969 3560 de
993 3515 1086 3562 nostre
1110 3512 1222 3572 Franco,
1238 3511 1284 3580 qui
1306 3512 1372 3564 n'ait
1396 3512 1453 3565 este
1477 3514 1583 3566 favora-

349 3591 472 3645 blement
485 3606 565 3656 reqeu
580 3607 628 3659 par
650 3591 691 3642 les
712 3591 783 3643 bons
806 3589 907 3659 esprits
930 3596 957 3643 et
979 3606 1166 3660 personnages
1191 3592 1353 3657 d'honneur,
1372 3609 1434 3648 ores
1448 3595 1528 3665 qu’ils
1547 3611 1583 3648 ne

349 3678 494 3740 sqeussent
507 3672 554 3742 qui
568 3687 602 3724 en
617 3672 700 3724 estoit
713 3670 851 3723 l'autheur
865 3688 890 3725 a.

381 3779 394 3818 2
411 3781 445 3846 ll,
461 3798 488 3849 p.
503 3780 561 3834 561.
578 3777 766 3848 (Epitaphium
781 3780 860 3832 Dom.
874 3780 989 3833 Joannae
1004 3780 1036 3832 de
1053 3782 1090 3836 La
1103 3781 1235 3849 Marche).

381 3886 538 3957 3Epitaph.
566 3886 644 3948 illud,
671 3885 745 3955 quod
772 3902 788 3938 a
818 3903 831 3937 o
855 3886 1034 3939 Tumulorum
1056 3904 1070 3938 u
1092 3887 1162 3940 libro
1183 3889 1272 3951 abest,
1298 3888 1326 3939 in
1350 3890 1432 3942 citata
1458 3889 1582 3957 Epistola

348 3970 468 4040 reperies
483 3975 512 4036 (1.
528 3971 562 4032 11,
577 3986 604 4038 p.
617 3968 749 4033 ecl-562).

382 4061 394 4100 t
411 4062 443 4114 V.
459 4061 529 4113 Lett.
543 4059 621 4122 XlX,
636 4058 665 4112 11
682 4062 713 4126 (1.
728 4059 763 4122 11,
777 4077 804 4128 p.
818 4059 876 4113 559.
892 4059 934 4124 B).
946 4087 976 4097 -
992 4060 1033 4114 cf.
1049 4061 1181 4129 Feugere,
1195 4078 1222 4130 p.
1238 4061 1366 4115 CXXIX.

381 4167 468 4221 5Noc
490 4172 578 4236 poetae
599 4166 626 4217 id
657 4166 744 4217 detuit
770 4166 844 4234 quod
870 4164 985 4233 gloriam
1011 4166 1121 4220 demum
1143 4174 1325 4231 consummat,
1347 4169 1502 4223 invidorum
1520 4168 1581 4220 dico

349 4265 493 4302 censuram
517 4247 715 4316 maligniorem.
741 4249 814 4300 luter
828 4239 941 4316 quos‘P.
958 4247 1154 4302 detrectatores
1164 4251 1279 4303 eminuit
1292 4253 1322 4305 P.
1335 4253 1462 4314 Garasse,
1473 4253 1500 4302 in
1515 4259 1581 4303 noto

348 4332 396 4384 illo
410 4331 514 4383 libello:
530 4350 544 4383 «
555 4333 593 4385 La
606 4329 764 4385 liecherche
779 4329 828 4382 des
842 4329 1015 4384 Recherches
1075 4347 1099 4393 a,
1108 4332 1203 4398 (1622).
1215 4333 1247 4383 V.
1258 4333 1305 4386 lib.
1321 4335 1368 4397 Ill,
1382 4339 1400 4400 g
1412 4336 1455 4400 20;
1468 4351 1482 4386 «
1543 4336 1582 4388 Ce

349 4417 419 4467 n'est
433 4432 482 4484 pas
496 4430 566 4484 pour
584 4414 660 4468 avoir
678 4413 807 4482 compost
831 4413 880 4465 des
902 4413 1014 4482 poemes
1036 4413 1069 4465 de
1090 4413 1192 4482 longue
1214 4416 1322 4469 haleine
1344 4435 1398 4487 que
1419 4435 1488 4473 vous
1510 4434 1581 4471 vous

349 4497 474 4566 qualifiez
497 4496 533 4549 du
556 4511 619 4548 nom
642 4494 675 4546 dc
697 4495 788 4563 poete,
811 4494 879 4547 mais
901 4510 972 4563 pour
992 4496 1069 4549 avoir
1091 4495 1164 4548 truce
1186 4497 1319 4567 quelques
1341 4501 1424 4568 petits
1446 4500 1582 4569 distiques

348 4579 509 4632 moriendus
532 4584 560 4632 et
581 4578 721 4641 ridicules,
743 4577 790 4647 qui
812 4583 968 4630 ressentent
989 4594 1026 4630 un
1048 4579 1089 4630 air
1109 4578 1264 4647 villageois,
1287 4585 1351 4645 etc,
1374 4589 1452 4636 etc.»
1477 4611 1509 4622 -
1537 4584 1579 4637 Cf.

349 4661 483 4730 Feugere,
498 4679 525 4730 p.
546 4662 663 4716 184-185.

381 4764 393 4804 θ
411 4767 442 4819 V.
459 4768 622 4831 Sic-Beuve,
637 4766 751 4830 LundiS,
761 4768 808 4829 Ill,
823 4785 850 4836 p.
863 4767 930 4822 253:
945 4784 959 4820 <t
1015 4780 1099 4836 payer
1120 4781 1172 4820 son
1185 4767 1270 4820 tribut
1284 4768 1316 4821 de
1330 4769 1463 4839 politesse
1488 4774 1516 4823 et
1543 4769 1576 4822 de

242 4878 246 4889 ι
349 4848 496 4902 courtoisie
510 4851 526 4901 a
538 4849 566 4901 la
579 4848 659 4902 mode
673 4848 709 4901 du
724 4854 816 4920 temps
829 4866 854 4902 ».
