3614 5442
779 368 909 426 ..39-

216 578 447 654 promoveret,
471 589 513 634 ne
539 589 621 656 opus
643 589 739 634 suum
763 568 987 634 abominandis
1015 567 1109 634 dictis
1130 568 1323 645 funestaret,
1353 586 1419 633 neu
1441 587 1460 632 a

217 669 394 754 proposito
408 668 625 754 egrederetur
636 670 661 732 1.
682 667 753 743 Quo
768 668 883 734 melius
897 668 1032 753 probem
1050 667 1275 752 Pasquierium
1298 666 1460 733 destinato

216 787 279 832 res
298 768 388 834 dictu
401 770 513 833 tristes
536 773 591 832 aut
612 773 725 852 turpes
747 765 964 844 submovisse,
988 765 1173 852 exemplum
1196 764 1340 832 afferam.
1365 767 1460 830 Anno

166 911 169 916 -
216 866 413 945 MDXCIV,
428 873 502 952 post
514 866 664 932 traditam
678 867 822 932 Henrico
839 867 911 949 regi
926 864 1098 942 Lutetiam,
1113 862 1234 930 Urbem
1248 885 1340 930 suam
1349 866 1462 930 revisit

215 971 352 1044 noster,
372 986 468 1050 quam
485 985 545 1031 sex
561 985 664 1030 annos
687 964 874 1048 reliquerat,
898 965 1104 1049 reditumque
1126 964 1276 1030 versibus
1302 964 1457 1030 celebrat.

218 1065 352 1129 Mentio
373 1069 482 1130 tamen
504 1063 594 1128 nulla
616 1064 657 1129 de
681 1063 760 1148 iuga
785 1082 843 1128 sua
869 1069 926 1128 aut
957 1062 997 1128 de
1023 1062 1133 1139 exilio,
1162 1062 1252 1127 nulla
1277 1062 1319 1128 de
1346 1063 1459 1128 uxoris

215 1164 393 1246 periculis,
410 1163 500 1230 nulla
514 1163 585 1229 iere
600 1165 641 1230 de
659 1169 707 1229 tot
720 1162 869 1229 admissis
891 1182 910 1228 a
932 1162 1026 1248 plebe
1050 1162 1239 1228 turbulenta
1259 1162 1457 1238 sceleribus3

216 1263 279 1326 vix
309 1264 408 1328 etiam
432 1263 575 1329 hominis
606 1283 645 1330 ac
678 1263 756 1328 boni
784 1263 865 1328 civis
897 1262 1042 1328 laetitiam
1075 1262 1301 1348 deprehendas
1332 1263 1366 1327 in
1397 1262 1461 1327 boc

216 1362 479 1448 epigrammate:

399 1569 414 1604 o
433 1554 500 1606 Post
513 1552 604 1606 varios
617 1567 699 1605 casus
712 1551 779 1605 belli
793 1551 882 1605 civilis
896 1557 923 1604 at
936 1552 1015 1621 ignes

499 1636 552 1698 Qui
566 1634 683 1704 migrare
696 1651 757 1688 mea
770 1651 813 1688 me
826 1633 939 1690 voluere
953 1634 1045 1697 domo,

433 1718 553 1772 Tandem
567 1718 602 1770 ad
615 1724 642 1771 te
656 1718 749 1781 redeo,
763 1734 825 1770 mea
837 1734 900 1771 cara
913 1718 1022 1772 Lutetia
1037 1733 1043 1770 :
1058 1716 1163 1782 quidsi

499 1801 597 1854 Caram
611 1799 694 1854 animi
708 1799 784 1855 volui
799 1801 888 1853 dicere
903 1799 1047 1854 Laetitiam.

432 1885 473 1938 Tu
491 1883 558 1936 mibi
571 1899 645 1936 nunc
657 1888 766 1953 portus,
779 1883 894 1953 placidae
908 1883 1072 1953 requiesque
1085 1888 1214 1946 senectae,

515 1967 668 2020 Dummodo
682 1967 722 2020 sis
735 1966 831 2036 patriae
845 1966 932 2035 Regia
947 1982 1012 2019 cura
1024 1969 1080 2019 tuae
1094 1965 1107 2004 ²
1120 1983 1144 2018 a.

265 2146 358 2218 Quid
371 2145 605 2228 derepnblico
627 2148 777 2222 sentiret,
806 2144 883 2229 quid
904 2145 1051 2231 proviin
1074 2165 1112 2211 ea
1126 2144 1361 2232 castigandum,
1382 2146 1460 2231 quid

217 2245 301 2308 boni
329 2243 517 2325 optandum,
545 2244 674 2310 abunde
701 2245 911 2327 Pasquierius
940 2242 973 2307 in
1001 2243 1072 2308 aliis
1099 2243 1279 2328 operibus³
1303 2244 1456 2331 prodidit,

216 2345 354 2428 parcius
368 2343 511 2428 quidem,
527 2341 584 2408 sed
600 2347 712 2428 aperte
725 2343 758 2406 in
773 2342 971 2408 carminibus
984 2343 1159 2409 nonnullis.

263 2467 381 2532 Civem
405 2485 479 2532 eum
504 2465 601 2550 globo
631 2465 678 2530 illi
698 2468 893 2552 optimorum
914 2467 1033 2531 civium
1069 2464 1348 2532 annumerandum
1378 2473 1455 2552 puto

216 2567 278 2648 qui
303 2566 589 2632 turbulentissimis
620 2566 821 2651 temporibus
848 2565 1088 2651 aequanimitate
1107 2586 1145 2631 aa
1159 2566 1241 2648 juris
1264 2565 1451 2632 reverentia

216 2666 423 2742 enituerunt,
441 2666 496 2748 qui
514 2671 563 2730 tot
583 2684 622 2730 ac
640 2671 704 2729 tam
727 2663 821 2730 malis
839 2665 1027 2731 libidinibus
1049 2665 1255 2730 inflammatis
1275 2667 1456 2730 constantia

216 2765 320 2829 simul
335 2770 367 2829 et
381 2764 604 2830 moderatione
619 2765 717 2830 animi
734 2764 880 2841 valuere,
892 2762 952 2828 flos
967 2783 1004 2828 aa
1014 2763 1250 2849 roburgallicae
1261 2765 1377 2849 gentis
1389 2766 1454 2848 qui,

217 2865 335 2948 patriae
358 2861 469 2940 decus,
487 2884 562 2928 mon
577 2869 609 2928 et
622 2864 737 2946 patriae
754 2863 843 2928 salus
861 2862 965 2928 fuere.
988 2863 1023 2926 ln
1041 2863 1102 2928 hac
1120 2865 1315 2948 optimorum
1338 2865 1456 2928 civium
1560 2950 1563 2956 Ι

218 2981 355 3038 corona,
371 2962 426 3025 vel
441 2951 472 3024 si
482 2963 544 3042 viS,
558 2962 693 3036 familia,
709 2963 796 3026 inter
808 2967 856 3026 tot
874 2961 1019 3045 insignes
1037 2962 1256 3046 magistratus
1276 2967 1323 3026 tot
1342 2963 1455 3047 patriae

218 3060 348 3126 deditos
379 3061 488 3135 cirea,
523 3063 577 3144 qui
613 3063 816 3142 Henricum,
854 3061 1078 3126 Navarraeum
1113 3063 1312 3147 principem,
1347 3063 1454 3127 virum

217 3180 388 3244 agnovere
405 3161 473 3226 fato
497 3167 606 3226 natum
630 3160 671 3226 ad
692 3159 946 3247 compescendas
968 3160 1160 3240 inimicitias
1177 3161 1217 3226 ad
1233 3160 1454 3227 conciliandos

217 3259 365 3322 omnium
380 3260 518 3338 animos,
531 3261 585 3344 qui
599 3259 739 3343 denique
753 3258 902 3324 civilibus
918 3258 1085 3323 furoribus
1095 3267 1129 3324 et
1138 3260 1300 3345 religiosis
1309 3259 1454 3325 simulta-

219 3357 320 3434 tibus,
339 3358 502 3442 perillam
522 3359 745 3440 Memppeam
757 3360 890 3422 satiram
908 3358 1006 3423 finem
1020 3358 1162 3443 jocando
1179 3361 1373 3443 imposuere,
1388 3380 1454 3424 non

219 3457 432 3535 mediocrem,
448 3458 481 3520 ni
495 3455 604 3535 fallor,
620 3456 745 3522 obtinet
759 3457 970 3541 Pasquierius
983 3459 1103 3523 locum.

252 3749 263 3788 ¹
283 3751 324 3804 Cf.
336 3749 489 3819 Epistolam
503 3750 537 3803 ad
552 3750 582 3804 P.
598 3749 741 3804 Pithaeum
755 3749 849 3804 libello
864 3750 1052 3821 praescriptam
1065 3751 1113 3820 qui
1127 3750 1301 3805 inscribitur:
1316 3767 1331 3804 o
1344 3751 1455 3806 Podsies

220 3834 346 3886 diuersas
358 3833 437 3885 seton
451 3833 479 3884 to
493 3833 630 3886 diversite'
640 3833 689 3886 cles
703 3841 791 3902 temps
804 3850 819 3885 »
837 3835 868 3902 (t.
885 3835 918 3896 Il,
941 3851 969 3902 p.
991 3834 1060 3899 ellt:
1080 3835 1135 3887 «Je
1149 3849 1192 3886 me
1205 3848 1277 3887 vaux
1291 3833 1455 3888 obatouiller

219 3930 291 3983 pour
303 3913 367 3977 rire,
382 3913 486 3981 malgrd
500 3913 527 3966 la
541 3914 637 3967 melica
651 3914 688 3967 du
702 3919 792 3984 temps
807 3920 834 3968 et
847 3915 881 3968 de
899 3931 963 3968 mon
981 3931 1059 3984 aege,
1074 3920 1101 3967 et
1125 3931 1159 3967 en
1181 3930 1211 3967 ce
1232 3915 1342 3978 faisant,
1356 3915 1455 3969 bannir

219 3997 246 4050 le
260 3994 373 4065 chagrin
387 4011 422 4048 au
436 3994 526 4048 moins
539 3996 595 4048 mal
609 3996 676 4066 qu'il
689 4011 732 4049 me
746 4012 808 4049 sera
830 3996 964 4066 possible,
986 4002 1014 4050 et
1031 4013 1074 4049 me
1092 3997 1210 4065 resjouir
1230 4013 1296 4050 sans
1313 3996 1415 4066 pecher
1428 4013 1452 4050 ».

221 4081 261 4133 De
276 4079 376 4141 Tours,
391 4076 417 4130 le
430 4077 487 4130 llmo
496 4077 605 4146 janvier
620 4079 693 4132 1592.

251 4184 375 4254 ²Epigr.
390 4184 447 4247 Vll,
463 4185 503 4239 13.
518 4184 561 4239 Ad
582 4184 719 4239 Lutetiam
742 4185 919 4238 Parisiorum.
942 4215 973 4224 -
995 4187 1122 4240 Natalem
1143 4191 1235 4240 tamen
1256 4187 1352 4239 urbem
1373 4186 1454 4241 valde

219 4268 352 4336 diligebat
374 4273 405 4319 ut
426 4273 540 4337 apparet
562 4284 595 4320 ex
609 4266 725 4336 Epistol.
740 4266 766 4331 9,
781 4267 839 4321 Lib.
856 4268 880 4320 ll
902 4297 933 4306 —
956 4269 1028 4337 Lege
1051 4272 1078 4321 et
1098 4268 1172 4336 apud
1192 4285 1207 4321 «
1219 4269 1341 4322 Sonoets
1358 4269 1454 4322 divers

218 4353 297 4405 selon
311 4353 340 4403 lo
353 4351 489 4404 diversite'
500 4351 539 4403 du
555 4359 643 4420 temps
656 4367 671 4401 n
685 4353 716 4418 (t.
732 4351 767 4413 ll,
782 4367 809 4419 p.
823 4351 884 4416 923)
898 4350 1066 4420 poematium
1080 4351 1124 4404 cui
1137 4351 1237 4405 titulus
1252 4367 1258 4405 :
1274 4369 1289 4405 «
1301 4352 1454 4408 Rotourcla

219 4435 358 4503 Pasquier
370 4450 406 4487 eo
419 4449 451 4486 so
464 4435 582 4487 maison.
602 4451 617 4487 »

253 4541 265 4580 ³
282 4541 314 4594 V.
329 4556 345 4593 <‹
356 4539 521 4610 Pourparler
530 4540 566 4594 du
576 4540 674 4595 Prinee
683 4539 943 4596 ».-«Exhortatiou
952 4558 1007 4596 aux
1016 4541 1145 4597 Princest
1155 4540 1454 4597 1561.-«Recherches

221 4623 255 4678 da
267 4623 295 4677 la
305 4625 407 4678 manee
416 4640 442 4689 o,
451 4623 624 4694 passim-a
639 4623 867 4694 congratulation
880 4623 914 4678 de
923 4623 951 4678 la
960 4625 1026 4680 Paix
1036 4641 1060 4679 ›>.
1072 4624 1136 4680 1570
1145 4627 1176 4688 (t.
1187 4627 1221 4689 ll,
1231 4642 1277 4695 pp.
1287 4625 1454 4694 sle-920).-

222 4705 263 4762 Cf.
280 4709 309 4761 L.
325 4707 457 4776 Feugere,
471 4725 518 4777 pp.
533 4707 575 4771 60,
589 4723 631 4778 sq.
