3614 5442
885 399 1016 455 ..40-

373 597 470 663 Haud
492 615 571 662 sane
593 598 626 660 in
648 598 756 662 animo
781 603 831 662 est
853 602 954 662 totam
981 597 1136 681 regendae
1171 595 1359 682 reipublicae
1393 599 1566 676 rationem,

335 697 438 781 qualis
452 697 641 780 Pasquierio
657 715 730 764 esse
744 699 858 782 potuit,
874 716 917 761 ex
930 696 1053 780 aliquot
1076 697 1244 781 poematiis
1268 698 1465 782 exprimere,
1483 697 1568 782 quod

334 801 370 859 ut
386 794 559 871 infinitum,
576 796 620 859 ita
644 794 821 860 absurdum
843 797 894 858 sit.
911 795 945 860 Id
970 794 1101 860 demum
1123 794 1200 858 mihi
1223 797 1376 880 proposui
1400 800 1446 873 ut,
1463 793 1568 860 allatis

335 894 505 978 exemplis,
521 895 700 979 praecipuos
714 895 896 978 Pasquierii
917 893 957 960 de
979 893 1114 978 publicis
1128 894 1239 971 rebuS,
1256 893 1296 959 de
1314 895 1418 977 patria
1440 912 1510 972 sua,
1526 893 1568 959 de

335 993 519 1077 Religione,
536 993 639 1076 Rege,
656 992 744 1077 Lege
758 994 927 1078 opiniones
942 997 975 1056 et
989 1011 1105 1058 sensus
1120 991 1265 1057 breviter
1279 1011 1507 1057 memorarem.

376 1116 537 1182 Patriam
563 1121 653 1181 certe
675 1115 828 1182 ardenter
855 1115 1035 1194 adamabat,
1060 1119 1114 1201 qui
1141 1137 1292 1201 magnam
1320 1118 1424 1181 aetatis
1441 1122 1568 1202 partem

335 1213 550 1298 disquirendis
586 1215 698 1280 Galliae
737 1217 979 1304 antiquitatibus
1013 1217 1193 1300 insumpsit,
1236 1217 1290 1300 qui
1320 1216 1421 1281 Gallis
1454 1214 1568 1280 laudes

336 1315 440 1378 omnis
455 1314 585 1397 generis
600 1312 693 1377 avido
708 1313 813 1378 studio
828 1316 930 1398 magis
946 1315 1081 1398 arripuit
1094 1334 1191 1398 quam
1201 1315 1436 1397 circumspecto
1452 1313 1567 1396 iudicio

334 1411 520 1490 vindicavit,
544 1413 599 1496 qui
619 1412 750 1497 longam
773 1432 906 1497 operam
928 1413 1056 1496 publico
1084 1413 1231 1490 contulit,
1259 1412 1378 1477 multas
1405 1432 1568 1477 aerumnas

335 1529 394 1595 pro
410 1510 538 1594 publica
552 1510 700 1588 utilitate,
718 1512 920 1594 querimonia
933 1511 1033 1588 nulla,
1051 1531 1225 1596 perpessus
1248 1517 1307 1576 est.
1325 1513 1397 1576 Mos
1420 1532 1487 1577 non
1508 1511 1569 1576 fuit

335 1608 518 1673 hominibus
530 1608 620 1671 illius
633 1611 789 1693 temporis
804 1629 898 1673 suum
920 1611 1033 1694 patriae
1048 1629 1193 1675 amorem
1207 1608 1376 1674 venditare
1391 1616 1427 1674 ut
1440 1610 1569 1675 lucrum

334 1709 482 1773 facerent
492 1715 547 1773 aut
556 1707 596 1772 ad
607 1707 748 1792 majores
757 1708 1019 1792 proveherentur
1028 1709 1211 1793 dignitates.
1224 1708 1337 1792 Itaque
1346 1710 1566 1792 PasquieriuS,

335 1813 537 1892 quantopere
560 1807 697 1873 Galliam
720 1807 882 1891 diligeret,
898 1809 1009 1891 paucis
1030 1814 1156 1872 tantum
1178 1805 1348 1872 versiculis
1363 1806 1567 1891 significavit,

335 1892 401 1969 non
426 1905 653 1989 grandioribus
677 1906 846 1970 sententiis
877 1912 910 1969 et
941 1905 1148 1970 cboulatoria
1178 1905 1375 1989 eloquentia.
1408 1905 1568 1990 Exemplo

335 2005 376 2069 sit
390 2004 452 2069 hoc
464 2003 674 2090 Epigramma
688 2024 751 2088 quo
766 2003 854 2068 dolet
868 2010 901 2069 et
922 2003 1109 2089 indignatur
1130 2004 1290 2090 majorum
1314 2023 1422 2068 mores
1441 2023 1569 2069 morum

334 2103 521 2169 ltabcorum
536 2105 729 2188 contagione
744 2123 816 2168 esse
830 2109 1013 2188 corruptos,
1028 2104 1083 2168 vel
1095 2109 1328 2168 commutatos:

565 2316 580 2352 «
600 2299 735 2355 Credulos
747 2299 859 2352 memini
873 2300 959 2353 fuisse
974 2301 1078 2365 Gallos,

601 2383 734 2438 Crudeles
747 2384 858 2436 memini
872 2384 959 2438 fuisse
972 2400 1131 2453 nunquam;

602 2466 708 2527 Fortes,
722 2462 841 2532 Jupiter,
856 2469 938 2532 atque
952 2465 1110 2526 bellicosos,

577 2534 578 2538 ¹
601 2543 726 2598 Disertos
741 2561 860 2613 qnoque,
875 2550 1014 2608 strenuos,
1028 2544 1142 2610 alacres,

598 2626 786 2695 Addictosqne
802 2625 861 2679 Diis
874 2627 1015 2696 sacrisque
1029 2628 1119 2688 votos,

601 2709 696 2764 Rebus
709 2714 791 2777 atque
805 2708 873 2762 adeo
886 2709 966 2763 novis
980 2708 1125 2763 studentes

601 2792 672 2844 Dum
685 2790 784 2844 nolunt
799 2791 911 2860 gravius
920 2791 1021 2861 jugum
1036 2789 1139 2844 subire.

601 2873 655 2927 Sed
668 2879 814 2942 postquam
829 2875 921 2926 miseri
935 2874 1080 2932 hausimus
1091 2870 1204 2942 lupinos

599 2957 692 3009 Mores
707 2971 778 3026 quos
791 2955 885 3009 docuit
898 2956 1012 3010 Latinus
1025 2955 1128 3024 hospes
1134 2993 1205 3008 .....

603 3077 678 3091 .....
682 3038 799 3092 Militem
814 3037 955 3091 induimus
970 3037 1172 3101 Trasinianum,

601 3122 768 3190 Loquenteis
782 3121 896 3173 nimium
912 3137 962 3174 nec
977 3120 1159 3190 eloquenteis,

602 3205 730 3273 Exleges,
746 3203 854 3266 tumidi,
869 3203 956 3274 impii,
971 3203 1091 3256 nefandi.

603 3287 698 3341 Rebus
712 3285 863 3355 quinetiam
876 3287 956 3341 novis
969 3286 1125 3347 studemus,

602 3369 666 3423 Non
679 3375 710 3422 ut
725 3383 787 3420 aere
801 3368 888 3421 libero
903 3369 1035 3428 fruamur,

504 3468 508 3474 ·
602 3452 704 3504 Verum
719 3451 853 3520 mancipia
867 3457 932 3521 apta
945 3450 1082 3512 servituti,

603 3532 677 3584 Dura
691 3531 720 3582 in
734 3546 786 3584 nos
800 3546 883 3583 onera
897 3531 1053 3584 invenimus
1066 3529 1119 3599 ipsi
1124 3568 1198 3581 .....
1216 3546 1230 3580 u
1244 3529 1264 3581 ¹.

380 3715 469 3778 Inter
490 3733 576 3778 nova
598 3715 675 3778 vitia
698 3719 731 3778 et
752 3713 951 3797 alienigenas
975 3717 1084 3797 pestes
1097 3713 1192 3776 istam
1206 3714 1387 3797 praesertim
1401 3713 1572 3796 religiosor

338 3813 523 3879 discordiae
536 3813 624 3878 luem
646 3833 765 3898 magna
786 3812 938 3877 libertate
963 3815 1106 3897 corripit.
1137 3813 1207 3876 Etsi
1236 3811 1334 3876 fidem
1363 3811 1572 3876 christianam

339 3913 511 3996 profitetur
524 3920 557 3980 et
571 3912 747 3979 Catholicae
760 3911 918 3977 Ecclesiae
933 3910 1018 3977 filius
1037 3913 1167 3976 omnino
1186 3911 1322 3977 devotus
1337 3916 1398 3988 est,
1414 3912 1484 3994 pari
1498 3909 1571 3974 odio

339 4014 557 4096 prosequitur,
574 4019 647 4077 utra
665 4032 708 4078 ex
730 4018 822 4097 parte
844 4014 988 4090 veniant,
1004 4013 1072 4076 sive
1091 4032 1110 4077 a
1124 4010 1320 4088 Calvinistis,
1337 4012 1405 4075 sive
1419 4030 1438 4075 a
1452 4010 1573 4076 Catho-

338 4110 420 4188 licis,
437 4111 566 4176 furores
579 4113 658 4176 istos
677 4117 816 4184 atroces,
831 4112 957 4194 impios,
975 4110 1091 4194 quibus
1111 4116 1143 4176 et
1157 4111 1308 4194 Regnum
1331 4109 1569 4194 pessumdatur,

339 4214 373 4274 et
384 4211 454 4294 ipsa
467 4209 675 4295 proculcatur
686 4207 826 4292 Religio.
844 4210 920 4273 Loci
934 4208 1118 4293 complures
1129 4214 1203 4273 sunt
1217 4208 1333 4292 quibus
1343 4207 1430 4272 bella
1439 4209 1571 4272 nomine

338 4309 505 4394 religionis
539 4310 686 4393 incepta,
723 4309 856 4391 privatis
895 4326 982 4391 saepe
1022 4306 1230 4384 utilitalibus,
1267 4305 1321 4370 vel
1371 4308 1571 4390 privatorum

339 4407 554 4472 simultatibus
589 4409 786 4483 continuata,
816 4407 976 4471 acerrime
1010 4407 1136 4472 incusat
1170 4425 1208 4470 ac
1244 4404 1434 4471 detestatur.
1464 4406 1571 4471 Unum

368 4729 379 4770 ¹
394 4730 487 4800 Epigr.
502 4731 523 4784 1.
538 4731 580 4793 21,
594 4729 636 4784 Ad
650 4728 836 4783 Valerianum.
852 4757 883 4767 —
902 4727 944 4782 cf.
960 4727 994 4781 H.
1011 4725 1152 4790 Estienne,
1166 4724 1289 4794 Agrippa
1306 4724 1470 4796 d'Aubigne,
1484 4729 1535 4778 etc.
